3194 4916
808 484 828 545 ὃ

271 680 480 766 archetypum
511 681 564 744 vel
597 679 737 744 codicem
770 681 879 744 classis
909 686 930 763 β
959 684 1103 766 ignotum
1133 686 1308 750 correxerit
1336 693 1368 750 et

273 788 357 874 quod
378 787 504 851 codices
535 787 645 851 classis
666 791 687 868 β
708 788 918 873 neglegenter
949 789 1100 878 descripti
1128 793 1201 872 sint,
1230 792 1367 878 primum

272 894 373 960 codex
402 894 429 958 B
460 895 590 958 minime
623 895 832 979 neglegenter
866 894 1042 982 descriptus
1076 907 1139 978 est,
1172 907 1240 961 turn
1272 899 1366 966 etiam

271 1002 361 1089 plura
383 1000 528 1088 exempla
549 1001 693 1064 invenire
710 1000 907 1088 deberemus,
931 1003 984 1066 ubi
1000 1004 1045 1067 Α2
1060 1008 1127 1085 οῒβ
1142 1004 1366 1092 discreparent,

271 1112 398 1174 tertium
415 1110 499 1173 infra
515 1109 739 1196 comprobabo,
754 1118 965 1174 correctorem
983 1112 1026 1174 Α2
1037 1134 1077 1176 ex
1089 1111 1116 1175 B
1129 1113 1366 1178 emendationes

271 1238 344 1279 suas
365 1215 517 1307 hausisse.
562 1217 715 1301 sequitur,
738 1225 771 1279 ut
794 1225 1004 1281 correctorem
1028 1219 1072 1280 Α2
1093 1241 1156 1282 non
1171 1241 1212 1283 ex
1233 1221 1365 1284 auctori·

271 1331 335 1387 tate
357 1322 473 1387 codicis
495 1323 603 1386 classis
624 1327 661 1404 β,
695 1322 750 1387 sed
774 1345 812 1387 ex
836 1345 893 1386 sua
913 1323 1043 1387 libidine
1065 1323 1125 1388 illis
1146 1317 1267 1389 tantum
1288 1326 1366 1391 locis

272 1431 447 1493 correxisse
487 1428 643 1511 dicamus,
677 1430 731 1494 ubi
763 1431 912 1495 lectiones
945 1431 1054 1496 classis
1085 1436 1106 1513 β
1139 1433 1366 1518 praeferendae

271 1559 341 1600 esse
371 1537 531 1600 censuerit
561 1537 749 1601 lectionibus
772 1537 888 1600 codicis
910 1538 949 1601 A.
995 1560 1058 1624 qua
1079 1539 1111 1602 in
1133 1561 1168 1602 re
1190 1562 1262 1603 eum
1285 1562 1365 1604 non-

271 1644 364 1708 nullis
388 1643 465 1707 locis
496 1666 638 1724 errasse,
669 1666 732 1708 non
764 1654 811 1709 est
833 1645 1029 1729 mirandum,
1057 1647 1201 1730 inprimis
1230 1647 1274 1711 ΙΙ.
1286 1672 1314 1733 γ.
1336 1649 1366 1714 5.

271 1751 323 1814 hic
350 1753 435 1814 enim
457 1752 651 1815 cum'verba
673 1741 753 1838 »οὔς
776 1761 808 1816 et
828 1753 1180 1836 ,lstpdelo“'absurda
1201 1755 1367 1840 reciperet,

193 1945 196 1950 Ι
270 1857 378 1941 verba,
408 1879 491 1943 quae
529 1867 614 1923 recte
645 1881 679 1923 se
712 1859 832 1924 habent
854 1851 933 1945 ,tad
959 1870 990 1924 et
1012 1851 1070 1945 ,d“
1093 1861 1251 1945 neglexit,
1271 1883 1366 1946 porro

270 1965 331 2030 Ill.
344 1989 373 2051 γ.
399 1967 438 2030 10
458 1966 528 2030 loco
544 1967 633 2030 verbi
650 1966 751 2052 ,void
774 1968 909 2031 restituit
932 1968 1032 2053 „iffi
1054 1966 1086 2031 id
1102 1960 1187 2053 quod
1203 1967 1366 2031 Maetzner

270 2064 387 2136 frustra
418 2073 589 2138 defendere
612 2073 746 2157 studuit3
778 2073 835 2138 IV.
849 2076 876 2142 δ.
900 2077 920 2139 6
950 2085 1057 2139 autem
1080 2087 1276 2161 ,κρεῖσσον
1297 2067 1366 2141 ὤν“

270 2180 364 2244 facile
385 2181 417 2244 in
441 2183 646 2267 ᾖκρείσσων
667 2173 735 2247 ῶνα
763 2192 885 2247 mutare
914 2183 1016 2270 potuit
1044 2191 1175 2269 propter
1196 2184 1367 2267 insequens

271 2288 404 2352 verbum
430 2311 437 2352 :
470 2280 747 2375 ἱποδεέστερος;
790 2299 957 2375 praeterea
989 2288 1049 2353 ΠΙ.
1064 2289 1091 2354 d.
1124 2289 1199 2375 hyp.
1232 2289 1367 2353 verbum

274 2395 348 2480 ,de“
372 2395 490 2459 addere
513 2396 624 2482 potuit,
648 2398 722 2481 quia
744 2396 806 2460 duo
830 2396 949 2460 scholia
969 2397 1079 2460 iamin
1094 2406 1217 2462 textum
1233 2399 1366 2482 irrepse-

272 2512 363 2586 rant,
385 2503 478 2566 etiam
500 2503 587 2584 ILe.
611 2504 630 2567 6
654 2502 728 2588 ,db‘
760 2503 856 2566 inseri
886 2511 1027 2588 poterat,
1060 2511 1093 2566 et
1112 2501 1153 2566 V.
1178 2504 1215 2567 17
1238 2504 1301 2588 si1)
1323 2504 1368 2567 Α9

273 2631 308 2673 re
330 2631 408 2673 vera
425 2599 690 2695 „decretumst
705 2609 851 2695 praebet,
873 2609 925 2673 hic
939 2619 1099 2672 corrector
1115 2609 1217 2673 minus
1233 2610 1363 2673 auctori·

273 2725 370 2781 tatem
398 2717 530 2801 codicis,
561 2739 656 2802 quem
687 2707 923 2804 »ὠφελῆσθαια
944 2717 1130 2804 praebuisse
1163 2739 1204 2781 ex
1231 2717 1367 2780 lectione

274 2824 416 2888 codicum
430 2824 494 2889 AN
509 2834 541 2889 et
557 2825 716 2889 codicisB
739 2827 850 2904 elucet,
874 2833 1000 2889 secutus
1022 2847 1091 2888 esse
1113 2824 1249 2907 videtur,
1272 2845 1367 2909 quam

273 2932 543 2996 ratiocinationem
566 2954 665 2996 suam.
824 2999 825 3006 χ

356 3036 500 3120 Classem
526 3045 547 3120 β
579 3040 626 3103 sui
653 3041 731 3104 iuris
760 3061 832 3103 esee
864 3048 896 3103 et
926 3039 970 3102 A2
1000 3038 1176 3102 secundum
1206 3037 1369 3124 exemplar

273 3145 400 3232 aliquod
423 3147 532 3210 classis
553 3150 574 3227 β
596 3155 771 3210 correctum
794 3167 880 3228 esse,
910 3144 1038 3226 Blassl)
1061 3145 1233 3227 concessit,
1257 3144 1368 3208 nihilo-

273 3255 386 3336 minus,
409 3254 440 3316 in
463 3251 570 3318 codice
592 3251 624 3316 N
645 3252 905 3340 interpolatorem
926 3261 1108 3337 grassatum
1129 3272 1206 3331 esse,
1229 3252 1261 3314 id
1284 3250 1369 3336 quod

274 3361 454 3425 necessario
476 3360 550 3424 inde
573 3360 724 3445 sequitur,
746 3359 887 3445 negavit,
909 3381 980 3422 curn
1004 3382 1044 3423 ex
1065 3367 1178 3424 natura
1198 3358 1370 3422 lectionum

274 3478 384 3554 patere
406 3467 534 3550 diceret,
557 3469 699 3532 codicem
715 3468 747 3532 N
769 3469 995 3554 interpolatum
1017 3489 1081 3530 non
1104 3488 1182 3548 esse,
1206 3476 1238 3531 et
1260 3487 1369 3529 omnes

273 3576 445 3656 lectiones,
479 3597 557 3660 quas
584 3577 730 3662 proprias
763 3575 950 3660 praeberet,
986 3597 1026 3638 ex
1060 3573 1176 3661 duplici
1206 3571 1369 3658 archetypi

275 3682 415 3746 omnium
444 3680 618 3745 communis
647 3683 832 3746 recensione
859 3680 1064 3767 explicandas
1098 3681 1214 3764 essel).
1274 3701 1369 3765 quem

276 3789 481 3876 archetypum
504 3790 555 3874 (x)
586 3788 727 3875 duplices
758 3789 912 3854 lectiones
933 3789 1086 3874 praebere
1108 3795 1250 3870 constat,
1272 3796 1368 3873 atque

345 4071 365 4140 ¹)
383 4075 449 4140 nug
465 4091 508 4142 os·
528 4077 552 4126 ⁸·

344 4162 365 4234 ¹)
385 4167 481 4218 Philol.
500 4167 631 4233 Anzeiger
648 4169 700 4218 vol.
719 4168 772 4224 IV..
790 4184 834 4234 pg.
854 4171 911 4220 387.

344 4259 365 4327 ⁸)
385 4261 419 4310 cs.
439 4260 519 4312 etiam
537 4261 586 4310 Rh.
605 4263 673 4312 Mus.
692 4261 810 4326 xxvss,
827 4278 871 4328 pg.
890 4263 931 4312 99.
