3194 4916
776 509 817 580 ,4

707 595 903 606 ——o———nae

257 705 307 792 sit,
329 708 361 772 id
383 703 469 794 quod
490 705 571 794 Hug
592 710 696 774 minus
720 719 806 774 recte
829 710 978 775 statuisse
1007 707 1083 774 mihi
1105 710 1230 775 videtur
1240 708 1281 794 ¹),
1312 730 1353 776 an

257 816 319 880 illis
341 825 466 879 tantum
488 817 576 899 locis,
607 817 661 881 ubi
690 817 843 881 lectiones
866 818 973 881 classis
993 821 1015 898 β
1035 817 1262 904 praeferendas
1284 840 1355 882 esse

260 924 421 987 censuerit
451 923 640 987 lectionibus
674 924 790 986 codicis
823 925 854 988 A
886 947 894 986 τ
926 945 1021 1008 quem
1064 932 1275 988 correctorem
1315 946 1355 990 ex

256 1028 387 1094 libidine
419 1038 542 1094 tantum
573 1029 761 1093 lectionibus
792 1029 898 1094 classis
925 1033 947 1111 β
974 1052 1066 1094 usum
1093 1051 1164 1094 esse
1192 1029 1232 1094 ad
1261 1053 1352 1094 suum

155 1123 157 1128 ¹
258 1137 398 1200 codicem
430 1135 663 1201 emendandum
692 1137 769 1200 mihi
797 1157 983 1223 persuasum
1022 1146 1079 1200 est.
1134 1159 1352 1222 ,quascunque

256 1245 341 1308 enim
356 1243 506 1307 lectiones
521 1265 633 1306 manus
650 1242 890 1306 correctorisA²
905 1242 1047 1329 praebet,
1070 1263 1124 1306 eas
1138 1245 1171 1307 in
1193 1243 1352 1308 codicibus

257 1351 367 1416 classis
387 1354 418 1432 β,
443 1351 553 1414 saltem
576 1351 609 1413 in
631 1347 783 1412 codiceB
805 1349 940 1411 inveniri
959 1349 1083 1429 (tribus,
1108 1348 1147 1413 de
1161 1350 1276 1434 quibus
1289 1372 1353 1414 non

256 1465 387 1537 constat,
410 1457 567 1542 exceptis)
600 1478 696 1542 supra
729 1454 886 1536 vidimus,
920 1455 1073 1519 lectiones
1105 1464 1210 1519 autem
1222 1504 1231 1538 ,
1272 1478 1352 1541 quas

255 1563 374 1627 familia
393 1567 415 1644 β
436 1563 476 1627 ab
499 1565 529 1627 A
553 1563 770 1649 discrepantes
792 1561 926 1647 praebet
932 1601 940 1643 ,·
971 1582 1035 1625 non
1057 1582 1168 1624 omnes
1189 1564 1220 1625 in
1243 1562 1351 1627 codice

256 1672 287 1733 A
307 1691 365 1757 per
386 1692 515 1734 manum
539 1669 711 1734 secundam
734 1678 897 1732 correctae
920 1677 1002 1732 sunt.
1045 1669 1109 1731 Hic
1130 1669 1215 1733 enim
1230 1691 1350 1734 eorrec-

254 1785 312 1857 tor,
336 1799 406 1841 cum
429 1785 618 1841 excentum
650 1777 716 1840 fere
746 1775 824 1839 locis
845 1776 1000 1858 nonagies
1031 1776 1170 1840 codicem
1195 1778 1224 1839 A
1246 1799 1350 1841 emcn-

255 1883 379 1946 daverit
393 1893 425 1946 ct
437 1884 541 1947 decies
560 1891 683 1946 tantum
705 1882 824 1966 aliquid
836 1882 907 1945 falsi
923 1883 952 1946 ei
967 1883 1144 1964 obtruserit,
1161 1885 1348 1968 octoginta)

253 1988 322 2053 fere
344 1990 419 2053 locis
442 1989 582 2053 codicem
603 1990 635 2053 A
653 2011 718 2052 non
741 1991 888 2071 correxit,
910 1988 943 2051 in
965 1988 1078 2073 quibus
1101 1989 1244 2070 classisd
1266 1991 1349 2054 vari-

255 2105 345 2160 antes
382 2096 533 2160 lectiones
567 2096 699 2183 praebet
739 2097 780 2174 (si
813 2117 866 2159 cas
901 2094 1127 2181 discrepantias
1161 2097 1349 2181 colligimus,

254 2225 336 2289 quae
359 2225 460 2288 usque
481 2204 522 2266 ad
543 2203 585 2266 V.
597 2203 639 2267 84
659 2204 880 2284 inveniuntur,
899 2225 972 2266 nam
987 2203 1033 2268 Δ2
1054 2202 1128 2266 inde
1144 2227 1162 2267 a
1177 2203 1216 2266 V.
1229 2205 1269 2270 85
1284 2226 1348 2268 non

254 2312 389 2399 amplius
411 2310 556 2393 inveniri,
579 2309 635 2374 sed
659 2319 870 2374 correctorem
891 2331 1011 2394 magno
1033 2332 1091 2373 suo
1113 2299 1222 2374 labore
1239 2310 1348 2374 defati-

254 2429 364 2506 gatum
386 2419 579 2498 substitisse,
613 2415 725 2503 Hugl)
742 2426 827 2480 recte
851 2419 999 2481 statuisse
1020 2418 1096 2480 mibi
1116 2417 1252 2499 videtur,
1274 2419 1350 2503 quia

253 2536 326 2614 post
348 2527 428 2590 hanc
450 2525 688 2612 paragraphum
718 2547 879 2611 perpauca
908 2532 1032 2588 tantum
1063 2526 1199 2609 vestigia
1227 2545 1349 2587 correc-

253 2635 329 2698 toris
352 2633 397 2698 Α8
419 2632 631 2713 inveniuntur,
653 2652 757 2715 neque
779 2631 949 2694 verisimile
973 2640 1029 2712 est,
1059 2652 1129 2694 cum
1152 2641 1217 2695 tam
1239 2631 1348 2718 paucis

251 2741 330 2804 locis
362 2751 511 2804 mutasse.
567 2739 659 2802 huius
691 2739 738 2802 rei
765 2760 861 2801 causa
882 2736 940 2802 VI.
962 2739 982 2802 9
1002 2737 1095 2802 lectio
1118 2760 1176 2824 per
1199 2736 1346 2824 Siggium

251 2846 368 2911 tradita
391 2847 473 2932 (A¹:
497 2847 653 2932 ,routool
675 2839 751 2931 δὴα)
773 2844 985 2930 praeterendo
1005 2855 1061 2926 cst,
1084 2868 1156 2909 cum
1178 2845 1271 2911 Blass
1294 2847 1347 2911 ad·

250 2953 445 3036 notaverit4)
469 2977 476 3018 ε
499 2955 544 3017 Α2
566 2977 573 3018 :
597 2955 755 3040 ᾖτουτουὶ
776 2945 848 3038 dist,
871 2961 1038 3039 praeterea
1060 2953 1192 3037 Blassl)
1223 2974 1346 3018 errasse

250 3061 376 3126 videtur
405 3063 446 3125 ad
477 3061 534 3126 VI.
552 3064 599 3155 110
620 3061 808 3125 adnotans:
840 3061 884 3124 A²
906 3083 913 3123 :
935 3055 1046 3141 τινός,
1074 3069 1106 3124 et
1133 3061 1247 3146 Hug⁶)
1277 3063 1346 3146 ipse

251 3169 368 3232 erravit
399 3168 439 3233 ad
463 3166 519 3231 VI.
542 3168 583 3233 23
604 3191 611 3230 ε
636 3164 784 3254 ,dromos
806 3163 904 3247 εἶενα,
932 3168 1025 3251 βΑῗς
1057 3189 1154 3253 quare
1176 3166 1224 3230 his
1244 3168 1345 3231 tribus

250 3276 326 3338 locis
348 3297 460 3339 manus
482 3276 584 3361 prima
606 3275 681 3358 (A1)
705 3274 873 3338 statuenda
895 3274 967 3357 est).
1019 3275 1046 3337 si
1067 3265 1143 3338 bero
1166 3275 1238 3360 quis
1260 3275 1345 3355 dicit,

250 3381 308 3445 has
341 3381 570 3467 discrepantias
601 3382 675 3444 inde
719 3391 811 3446 natas
846 3403 934 3457 esse,
972 3381 1058 3465 quod
1090 3382 1136 3444 A2
1171 3382 1345 3445 secundum

250 3553 448 3562 -—-———

318 3665 339 3734 ¹)
358 3667 392 3716 cf.
409 3668 474 3733 H‘ug
491 3683 534 3733 pg.
555 3669 586 3718 10
604 3685 611 3717 ε
631 3666 806 3732 „auctoritate
823 3665 923 3732 magis,
948 3682 1028 3730 quam
1045 3667 1247 3718 ratiocinatione
1265 3669 1344 3719 duce-

249 3751 352 3817 batnr“,
370 3768 413 3818 pg.
428 3757 457 3802 11
472 3771 479 3802 r
497 3768 574 3817 ,cum
592 3752 712 3817 exemplo
731 3767 779 3802 suo
798 3753 879 3802 ctiam
896 3752 924 3801 in
942 3752 1059 3802 minimis
1076 3753 1183 3804 obedire
1200 3753 1342 3806 voluisse.“

316 3835 338 3905 ²)
358 3841 389 3888 62
406 3838 473 3888 locis
490 3839 510 3905 β
525 3843 617 3888 contra
634 3838 690 3902 AN,
709 3839 725 3888 6
749 3837 815 3888 locis
832 3835 868 3888 A¹
889 3843 981 3888 contra
999 3853 1097 3903 omnes,
1117 3843 1131 3888 7
1149 3839 1215 3889 loeis
1232 3840 1257 3889 A
1273 3843 1347 3909 pupi

249 3928 343 3974 contra
359 3921 419 3975 A¹N
438 3925 614 3974 consentiunt.

316 4014 338 4083 ³)
357 4018 422 4083 Huc
439 4033 482 4083 aa·
505 4022 527 4067 ⁷·

355 4110 405 4160 Rh.
422 4112 491 4161 Mus.
508 4111 618 4175 XXVII,
636 4126 679 4176 pg.
698 4113 739 4161 94.

314 4107 326 4139 ⁴

317 4109 339 4262 ⁶A)
357 4196 375 4246 1.
394 4211 417 4246 c.
436 4212 480 4262 pg.
499 4198 539 4246 96.

318 4279 339 4347 ὕ)
357 4282 422 4347 Hug
439 4297 482 4347 pg.
502 4284 542 4332 20.
