3194 4916
793 503 831 566 37

710 589 907 596 ———

344 704 414 768 Iam
436 704 505 767 illos
528 702 613 765 locos
636 701 887 783 consideremus,
921 703 960 768 de
991 705 1106 790 quibus
1134 707 1266 772 iudicari
1296 729 1360 770 non

260 820 396 898 potest:

413 918 454 982 V.
476 918 517 982 96
540 941 547 980 :
570 917 635 982 AN
657 941 664 981 :
686 907 880 1004 ἀπωλόμην,
905 917 937 980 Μ
961 946 969 983 :
990 909 1191 1006 cinoloitarum

261 1027 429 1106 nescimus,
453 1025 528 1112 quid
553 1025 578 1087 B
601 1026 762 1112 praebeat.
807 1048 881 1088 nam
904 1025 1050 1109 Bekker,
1081 1050 1152 1090 eum
1185 1027 1362 1091 intextum

264 1122 486 1218 νᾶπωλόμην“
516 1132 680 1218 reciperet,
703 1131 868 1197 adnotavit
892 1155 900 1196 :
924 1123 1145 1223 ,ἄπόλλυμαι]
1169 1123 1363 1219 ἀπωλόμην,

262 1229 485 1326 ἄπολωμηνΖ
502 1263 509 1303 :
525 1229 704 1324 ἀπόλωμαι
718 1243 770 1322 s“;
792 1240 945 1305 lectiones
968 1240 1095 1327 quidem
1111 1241 1255 1306 codicum
1279 1245 1307 1304 A
1331 1253 1363 1306 et

262 1347 288 1411 Z
310 1356 395 1412 reete
417 1370 452 1411 se
473 1347 590 1410 habere
607 1369 647 1410 ex
663 1347 808 1410 Dobsoni
830 1349 1010 1412 testimonio
1034 1351 1166 1431 scimus,
1189 1349 1264 1434 quid
1286 1371 1362 1413 vero

263 1453 322 1516 sibi
342 1454 420 1518 velit
442 1443 671 1538 ,ἄπόλλυμαι“
688 1453 720 1516 in
743 1453 886 1516 Beklreri
920 1455 1144 1533 adnotatione,
1178 1477 1240 1518 non
1275 1475 1360 1520 asse·

265 1582 354 1645 quor.
396 1560 527 1646 vulgata
548 1561 642 1624 lectio
666 1549 884 1645 ,ἄπόλωμαια
907 1562 939 1623 in
961 1561 1079 1624 Aldina
1100 1565 1144 1626 ita
1166 1571 1277 1626 exorta
1305 1571 1362 1628 est>

263 1677 298 1731 ut
317 1668 450 1731 verbum
473 1661 651 1754 „adolff
673 1669 743 1731 loco
764 1669 855 1732 verbi
878 1662 1036 1754 ,πάσχω“
1058 1670 1195 1756 positum
1217 1670 1279 1733 sit:
1302 1663 1361 1735 ἐὰν

262 1769 430 1859 πάσχων.
454 1827 461 1841 .
485 1823 493 1838 .
516 1827 522 1841 .
546 1763 733 1860 νῖπόλωμαι.
778 1798 859 1861 quae
893 1799 965 1841 oum
998 1780 1043 1842 ita
1076 1779 1157 1858 sint,
1190 1778 1361 1841 verisimile

263 1891 319 1966 est,
340 1884 373 1946 in
396 1884 505 1948 codice
531 1883 555 1945 B
579 1906 706 1971 quoque
730 1874 954 1970 „dunolo'ffl
976 1886 1091 1950 inesse.

463 1989 521 2054 Vl.
546 1990 584 2056 19
608 2014 615 2054 ε
638 1989 701 2054 ΑΝ
724 2013 732 2054 :
753 1993 804 2068 τίς
825 2014 868 2072 τι,
890 1990 925 2054 Μ
947 2015 955 2055 :
976 1993 1027 2068 τίς
1047 2015 1121 2071 τοι;

264 2095 304 2158 de
326 2095 435 2160 codiee
456 2095 484 2159 B
509 2096 639 2162 Beklrer
660 2097 737 2161 nihil
759 2097 943 2182 adnotavit3

415 2204 473 2269 VI.
497 2204 537 2269 26
560 2205 655 2270 :AN
677 2229 685 2269 ι
708 2200 775 2291 ἐγω
795 2210 913 2286 ταῦτα,
936 2204 971 2269 Μ
994 2230 1002 2270 :
1023 2200 1090 2291 ἐγω
1109 2199 1223 2272 πάντα
1230 2231 1243 2286 ;

264 2310 396 2374 Bekker
418 2310 457 2374 da
479 2312 588 2376 codice
612 2312 639 2374 B
662 2312 740 2376 nihil
761 2313 932 2394 adnotavit,
965 2313 1022 2378 sad
1048 2335 1119 2377 eum
1141 2315 1174 2378 in
1196 2313 1305 2378 codiee
1327 2312 1361 2377 M

263 2417 397 2483 verbum
427 2412 578 2503 ,πάντα“
608 2418 698 2500 insit,
729 2421 858 2484 minime
885 2429 980 2507 puto,
1011 2422 1043 2484 in
1074 2420 1183 2486 codice
1204 2421 1232 2485 B
1255 2413 1360 2506 ,tyele

264 2533 387 2589 tantum
408 2526 513 2591 inesse
524 2527 559 2609 1).

413 2633 473 2697 VI.
495 2634 535 2697 27
558 2657 565 2697 :
590 2634 719 2698 Bekker
741 2633 873 2698 adnotat
895 2657 902 2697 :
926 2625 966 2718 ,ἡ
988 2635 1093 2697 omisit
1114 2635 1145 2697 A
1167 2643 1199 2698 et
1220 2632 1290 2717 B“;

265 2739 321 2803 sed
352 2740 484 2804 verbum
515 2731 573 2826 „ist
604 2741 638 2805 in
669 2740 778 2804 codiee
807 2741 841 2805 A
868 2741 973 2804 inesse
1004 2739 1098 2805 Blass
1126 2750 1262 2806 testatur
1271 2743 1297 2822 ²)
1329 2751 1363 2805 et

266 2846 368 2912 codex
383 2846 417 2911 M
438 2847 571 2934 praebet
592 2848 724 2912 verbum
742 2839 810 2934 ,ἦῆ
835 2870 932 2935 quare
948 2847 1086 2940 Beklrer,
1109 2871 1180 2912 cum
1196 2849 1236 2913 de
1252 2847 1361 2912 codice

266 2957 297 3019 A
319 2964 449 3038 arraret,
471 2957 564 3020 etiam
587 2956 626 3019 de
649 2956 757 3020 oodine
782 2955 810 3019 B
831 2976 954 3019 errasse
976 2955 1109 3020 videtur.

348 3060 520 3126 Lectiones
542 3063 705 3149 hucusque
738 3062 850 3126 allatas
873 3065 900 3125 si
922 3061 1170 3145 consideramus,
1191 3061 1361 3145 lacunae³)

267 3169 402 3234 maiores
423 3169 455 3232 in
479 3169 586 3234 codiee
607 3169 634 3233 B
657 3169 797 3256 quinque
818 3169 1035 3249 inveniuntur,
1059 3189 1140 3253 quae
1160 3189 1219 3254 per
1239 3166 1363 3232 codices

266 3275 331 3342 AN
362 3276 548 3362 explentur,
587 3286 619 3341 et
657 3297 767 3340 omnes
797 3275 909 3340 eodem
942 3275 1040 3339 verbo
1071 3275 1163 3338 brevi
1195 3274 1361 3338 intervallo

266 3385 400 3471 repetito
423 3392 553 3447 exortae
576 3393 649 3448 sunt
671 3407 678 3448 :
701 3383 726 3448 I.
752 3387 807 3465 11,
829 3391 934 3471 propt.
958 3386 1028 3468 ,τῷ
1049 3376 1185 3468 φόνω“,·
1217 3380 1261 3445 II.
1269 3387 1299 3463 β.
1324 3383 1364 3446 10

266 3503 397 3581 propter
419 3482 666 3577 ,duomslvut“,
688 3491 728 3557 V.
746 3493 784 3556 16
799 3501 929 3578 propter
945 3481 1083 3576 ,ἅπαξ“,
1106 3490 1146 3554 V.
1170 3489 1210 3554 88
1232 3498 1364 3576 propter

267 3703 465 3712 -—.-.—

338 3845 357 3914 ¹)
376 3847 411 3897 el.
429 3862 473 3912 pg.
493 3849 532 3910 19,
552 3850 592 3898 20.

335 3929 357 4000 ¹)
377 3934 410 3983 el.
429 3933 478 3983 Rh.
496 3933 565 3983 Mus.
583 3932 701 3996 xxvn,
719 3947 763 3996 pg.
782 3933 823 3981 96.

335 4017 357 4085 ⁸)
378 4018 467 4069 Codex
484 4019 508 4070 N
525 4019 636 4068 lacunas
659 4015 850 4068 eodem'modo
873 4020 978 4066 exortas
1004 4013 1115 4079 praebet
1133 4031 1139 4062 ε
1158 4014 1178 4062 Ι.
1198 4013 1304 4075 r,11.o.
1325 4015 1365 4075 11,

267 4105 312 4154 IV.
323 4105 346 4158 d.
366 4105 389 4168 5,
409 4105 452 4154 VI.
471 4104 542 4170 hyp,
561 4104 605 4154 VI.
625 4108 671 4166 323
693 4105 717 4155 N
742 4109 769 4153 et
790 4103 812 4152 B
834 4102 943 4152 fortuito
966 4100 1076 4151 eandem
1098 4100 1222 4149 lacunam
1239 4098 1366 4164 praebent

267 4191 313 4240 Vl.
334 4195 373 4239 17.
409 4205 500 4240 omnes
519 4195 607 4240 autem
626 4189 731 4239 codices
748 4188 860 4238 lacunas
877 4187 990 4238 maiores
1007 4184 1136 4252 praebent
1152 4201 1159 4233 ε
1177 4184 1210 4233 Π.
1221 4202 1247 4236 α.
1266 4186 1294 4250 4,
1320 4181 1364 4231 VI.

268 4277 292 4339 6,
310 4276 352 4324 45.
