3194 4916
729 488 771 552 60

649 575 845 584 ———-———-

204 703 285 771 queo
307 685 392 748 etin
414 683 508 771 eulpa
529 692 577 750 ost
598 693 630 750 et
650 687 752 754 seelus
775 685 978 772 excogitavit,
999 710 1135 776 poenam
1157 689 1236 774 luet,
1270 693 1296 756 si

202 813 260 857 vos
283 798 315 856 et
337 789 587 864 diivoluerintss

283 899 311 963 I.
326 897 367 964 25
379 920 387 962 ε
399 899 530 983 ,,καίτοι
551 893 700 986 πότερον
713 895 1006 988 δικαιότερον
1028 902 1189 989 οἰκτεῖραι
1202 908 1296 988 μᾶλ-

202 1011 282 1073 λον
301 1000 365 1073 τὸν
383 1011 560 1073 τεθνεῶτα
581 998 602 1093 ἢ
622 1001 686 1094 τὴν
705 1000 990 1094 ἄποκτείνασαν“;
1035 1009 1126 1075 Bless
1160 1033 1232 1076 eum
1264 1011 1296 1076 in

202 1114 301 1179 verbo
323 1115 492 1200 „ponem
514 1115 599 1200 quod
622 1117 838 1202 comparativo
859 1115 1001 1182 additum
1023 1127 1088 1200 est,
1111 1118 1296 1202 offenderet,

202 1222 374 1301 ,,δὶκαιον“
403 1222 570 1308 proposuit
604 1221 674 1287 loeo
706 1223 796 1288 verbi
827 1217 1093 1311 ,,δικαιότερον“.
1147 1234 1181 1290 st
1212 1225 1296 1290 idem

202 1329 321 1393 fantum
344 1337 393 1393 est
413 1326 498 1411 Ine.
522 1330 540 1394 8
563 1350 571 1392 :
592 1330 708 1409 ,,ταῦτ’
736 1319 1020 1416 ἄντιλογισάσθοο,
1053 1323 1106 1397 ὅτι
1126 1356 1166 1417 με
1188 1325 1296 1398 εἰκό-

202 1459 326 1523 τερον
346 1423 386 1523 ἦν
406 1429 468 1523 τὴν
489 1426 675 1519 ἀσφάλειαν
694 1443 753 1524 τῆς
773 1437 951 1524 ’ἐπιβουλῆς
964 1444 1131 1526 τηροῦντα
1154 1434 1297 1523 φυλάξα-

203 1550 284 1611 σθαι
314 1547 370 1610 καὶ
397 1537 442 1630 μὴ
470 1545 720 1630 παραγενέσθαι
749 1551 800 1631 τῷ
832 1543 917 1633 ἔργῳ
944 1551 1112 1632 μᾶλλον
1131 1538 1151 1633 ἢ
1171 1551 1298 1613 τοῦτον

203 1646 438 1738 σφαττόμενον
476 1641 592 1738 ὀρθῶς
631 1655 778 1737 γνῶναι“
790 1677 798 1737 ;
835 1675 940 1740 neque
972 1654 1005 1718 in
1037 1654 1098 1718 heo
1127 1654 1296 1719 verborum

204 1761 425 1825 coniunctione
447 1758 672 1824 offendendum
696 1782 766 1825 esse
788 1761 865 1824 mihi
887 1760 1022 1826 videtur.

286 1865 372 1931 ΙΙ.α.
394 1867 414 1929 4
437 1889 444 1930 :
468 1858 546 1933 edre
572 1861 635 1954 γὰρ
657 1862 864 1954 κακούργους
897 1860 985 1944 εἰκὸς
1012 1858 1209 1936 ἀποκτεῖναι
1236 1861 1297 1934 τ’ὀν

204 1965 411 2059 ἄνθρωπον·
442 1971 574 2058 ἔχοντες
601 1968 664 2061 γὰρ
686 1966 729 2040 ἂν
748 1969 791 2041 τὰ
813 1969 926 2060 ἱμάτια
957 1966 1162 2062 εὑρέθησαν·
1189 1965 1297 2052 οὐδεὶς

202 2073 265 2166 γὰρ
287 2071 330 2146 ἂν
349 2074 412 2147 τὸν
434 2079 575 2165 ἔσχατον
595 2084 753 2148 κίνδυνον
781 2085 860 2169 περὶ
886 2087 946 2168 τῆς
966 2087 1073 2169 ψυχῆς
1092 2077 1298 2148 κινδυνεύων

205 2185 341 2274 ἑτοίμην
360 2191 415 2255 καὶ
436 2191 715 2277 κατειργασμένην
734 2185 797 2277 τὴν
818 2180 985 2273 οὖφέλειαν
1006 2179 1155 2276 οἷφῆκεν·
1177 2179 1219 2256 οὗ
1232 2183 1298 2275 μὴν

204 2285 282 2362 οὐδὲ
313 2291 517 2383 παροινήσας
548 2286 658 2374 οὐδεὶς
689 2307 762 2363 eett.
787 2335 827 2345 -
848 2297 1102 2384 ἐλοιδοροῦντο·
1125 2287 1203 2364 οὐδὲ
1233 2290 1298 2382 μὴν

205 2395 310 2470 ἄλλου
331 2398 575 2488 στοχαζόμενος
598 2402 693 2489 ἔτυχε
716 2398 856 2471 τούτου·
880 2395 1004 2492 οὐγὰρ
1026 2396 1069 2470 ἂν
1083 2397 1207 2492 odoret
1220 2394 1295 2470 οἷκο·

204 2505 323 2599 λούθῳ
344 2511 537 2597 διέφθειρεν
556 2502 693 2579 αὕτόν.“

288 2620 398 2684 Verbo
416 2611 516 2700 „odos
537 2614 661 2707 γὰρ-
681 2611 901 2706 dvoponov‘z
932 2619 1076 2705 quamvis
1098 2620 1205 2705 inepto
1227 2618 1296 2683 loeo

204 2725 335 2808 tradita,
369 2729 567 2792 coniecturae
590 2725 664 2792 Aldi
699 2724 809 2792 deberi
832 2725 963 2813 Sauppe
975 2728 999 2808 1)
1032 2735 1118 2790 roote
1150 2726 1297 2790 statuisse

205 2833 281 2898 mihi
303 2834 444 2917 videtur,
466 2834 497 2898 id
521 2833 605 2920 quod
628 2835 773 2921 inprimis
796 2857 836 2899 ex
857 2834 965 2899 verbis
986 2827 1069 2916 „cdv
1090 2824 1298 2920 ἄνθρωπον“

205 2941 316 3020 elucet,
338 2963 420 3028 qnae
436 2942 565 3006 minime
580 2941 795 3028 respondeant
808 2941 915 3006 verbis
930 2934 1016 3024 ,μὸν
1030 2932 1164 3027 ἄνδρα“,
1182 2940 1297 3026 quibus

205 3069 299 3134 snpra
322 3050 468 3114 utebatur
490 3058 596 3114 orator
607 3051 642 3132 ¹),
665 3071 736 3116 eum
757 3047 887 3132 Bless³)
911 3049 970 3112 hoo
984 3047 1055 3114 loeo
1070 3049 1156 3112 nisus
1178 3047 1298 3111 Aldnm

204 3178 261 3219 sno
283 3155 391 3220 codiee
413 3178 504 3221 nsum
520 3177 590 3222 esse
605 3155 812 3220 contenderet
826 3164 921 3242 atque
944 3153 985 3219 ed
1001 3154 1191 3219 sententiam
1208 3176 1296 3219 suem

205 3262 452 3328 confir-mendam
485 3263 631 3347 afferret,
672 3263 771 3327 verbo
802 3263 829 3326 si
858 3263 1060 3326 coniecturae
1095 3262 1297 3344 deberentur,

204 3371 313 3456 inepto
345 3370 415 3434 loco
446 3370 520 3435 eddi
551 3393 615 3434 non
650 3372 802 3456 potuisse.
858 3380 1084 3457 contraquam
1107 3372 1298 3435 sententiam

206 3473 368 3558 Schoell⁴)
402 3485 487 3542 reete
509 3500 517 3542 ι
538 3478 614 3563 „qni
646 3477 743 3542 verbe
776 3475 931 3562 ,,ἔχοντες
959 3471 1022 3564 γὰρ
1051 3468 1093 3544 ἂν
1113 3470 1156 3543 τὰ
1184 3471 1297 3562 ἱμάτια

206 3574 414 3671 εὑρέθησαν(
435 3584 580 3670 legebat,
613 3585 757 3650 lenonem
787 3606 856 3649 esse
878 3584 970 3651 facile
991 3584 1178 3650 intellexit.“
1220 3583 1298 3648 haee

277 3911 296 3978 ¹)
316 3913 413 3978 Soupp.
433 3918 533 3978 quaest.
553 3928 596 3979 pg.
614 3916 643 3975 43
669 3913 786 3979 Kayser,
813 3913 863 3963 Rh.
885 3914 954 3964 Mus.
972 3913 1040 3978 x11.‚
1060 3913 1110 3963 225
1136 3911 1298 3980 comprobet,

205 3997 345 4048 Reiskium
363 3998 391 4048 in
409 3997 530 4048 versione
548 3997 615 4048 haee
633 3998 715 4049 verba
733 3998 786 4049 ism
804 3997 1005 4065 transposuisse.

274 4080 296 4150 ²)
315 4085 349 4134 of.
366 4083 416 4134 Rh.
433 4084 470 4134 M.
487 4084 567 4146 XVI„
584 4099 628 4150 pg.
646 4087 688 4134 72.

274 4168 297 4236 ⁸)
315 4169 398 4234 praef.
416 4168 478 4220 edit.
496 4184 539 4234 pg.
557 4168 602 4219 VI.

274 4252 297 4322 ⁴)
316 4254 350 4304 ef.
369 4253 476 4306 Sehoell
492 4270 535 4322 pg.
553 4257 698 4308 tor-302.
