3194 4916
789 481 831 546 64

714 569 912 578 ——-—-.-.-.

263 702 368 767 neque
399 681 431 744 in
462 679 564 744 forma
593 667 812 766 ,,προμηθία“
844 680 1067 746 offendendum
1090 688 1158 764 est,
1194 682 1234 746 of.
1258 681 1359 748 Thuc

265 787 324 852 IV.
345 788 396 870 62,
419 786 476 852 VI.
500 788 587 871 80¹).

347 894 391 959 ΙΙ.
404 896 432 960 d.
454 897 499 960 8:
518 885 642 960 ὁπόσοι
661 887 724 981 γὰρ
745 895 861 960 δοῦλοί
881 918 939 978 μοι
959 884 980 978 ἢ
1001 883 1118 960 aoniae
1139 894 1210 974 εἰσι,
1231 889 1361 972 πάντας

264 1001 475 1087 παραδίδωμι
503 1002 698 1084 danuvium·
729 1002 786 1066 καὶ
806 993 867 1066 ἐὰν
886 993 931 1085 μὴ
952 1004 1051 1082 φανῶ
1071 995 1178 1084 ταύτῃ
1190 991 1192 994 ’
1204 1006 1246 1094 τῇ
1267 1003 1361 1067 νυκτὶ

265 1108 303 1173 ἐν
324 1107 407 1193 οἴκῳ
428 1101 607 1173 καθεύδων
627 1098 653 1193 ἢ
669 1100 820 1187 ἐξελθών
840 1130 919 1186 που,
941 1097 1098 1192 ὁμολογῶ
1120 1101 1244 1190 φονεὺς
1266 1105 1360 1173 εἶναι,

266 1236 339 1302 reus
363 1237 473 1278 omnes
491 1236 598 1279 servos
614 1224 647 1278 et
662 1235 770 1278 servas
784 1213 980 1300 torquendos
995 1213 1096 1295 offert,
1119 1223 1154 1278 nt
1168 1215 1373 1300 comprobet,

267 1343 302 1385 se
324 1321 384 1386 hac
405 1329 511 1404 nocte,
533 1342 596 1406 qua
611 1319 723 1384 caedes
737 1319 822 1384 facta
836 1319 886 1397 sit,
909 1319 1003 1384 domo
1018 1342 1082 1384 non
1099 1321 1222 1386 abiisse.
1262 1321 1362 1387 codex

267 1427 303 1492 M
329 1428 397 1491 loeo
426 1427 516 1491 verbi
537 1418 601 1512 „ii“
633 1449 673 1491 ex
705 1428 886 1491 coniectura
921 1427 1054 1513 praebet
1079 1417 1210 1510 „drr’“;
1243 1427 1363 1493 Reiske

268 1542 390 1615 autem,
422 1556 494 1598 cum
516 1535 547 1597 in
571 1533 672 1598 verbo
694 1535 805 1617 „noc“
826 1533 1018 1610 offenderet,
1048 1536 1151 1618 „nost
1178 1535 1219 1599 ab
1242 1538 1364 1618 origine

268 1640 366 1704 fuisse
399 1641 541 1721 censuit,
573 1639 659 1726 quod
680 1639 796 1725 Hug2)
830 1662 927 1705 sensu
962 1662 1071 1705 carere
1092 1650 1196 1727 putat,
1219 1640 1361 1706 nisiver·

269 1748 343 1812 bum
365 1738 528 1831 „diiooffl
550 1747 691 1812 additum
713 1749 763 1811 sit.
816 1747 873 1810 sed
901 1768 942 1810 ne
971 1747 1032 1811 hoc
1060 1747 1189 1840 quidem
1216 1757 1303 1812 recte
1328 1770 1363 1812 se
1470 1798 1473 1804 .

268 1855 378 1936 habet,
409 1854 484 1941 quia
517 1874 621 1939 neque
656 1877 759 1918 omues
786 1853 872 1939 cervi
898 1861 930 1916 et
950 1876 1059 1930 amone
1081 1875 1151 1918 eum
1174 1856 1206 1918 in
1228 1854 1362 1918 alterum

269 1962 373 2026 locum
403 1962 553 2026 comitari
578 1982 682 2047 neque
713 1961 826 2026 testari
844 1970 1008 2047 poterant,
1041 1984 1101 2046 quo
1123 1961 1189 2026 alio
1215 1961 1363 2046 abiisset3

269 2069 412 2155 inprimis
433 2069 465 2131 in
489 2066 587 2131 verbo
609 2058 673 2153 ,,ἢ“
690 2067 920 2131 offendendum
935 2077 992 2148 cst,
1014 2089 1089 2131 nam
1110 2089 1182 2132 reus
1204 2077 1258 2131 aut
1280 2069 1363 2132 domi

270 2198 304 2239 se
326 2175 385 2239 hac
406 2183 499 2239 nocte
521 2174 689 2257 mansisse,
722 2183 777 2240 aut
806 2175 911 2260 aliquo
933 2176 1109 2262 profectum
1132 2197 1201 2240 esse
1221 2197 1363 2263 compro-

272 2283 355 2363 bare,
379 2290 548 2368 utrumque
579 2282 686 2347 facere
717 2303 780 2345 non
813 2290 927 2368 potest.
981 2281 1006 2344 si
1028 2283 1126 2365 igitur
1148 2280 1265 2347 dictum
1287 2292 1364 2347 est:

269 2383 351 2474 „dciv
370 2381 414 2474 μὴ
429 2392 526 2474 uacui
546 2382 651 2472 ταύτῃ
665 2392 707 2472 τῇ
721 2390 816 2454 νυκτὶ
831 2387 869 2470 ἐν
884 2387 967 2474 οἴκῳ
988 2389 1197 2469 καθέυδων“,
1213 2388 1297 2453 eliud
1311 2389 1365 2454 ali·¹

271 2495 357 2582 quid,
380 2496 516 2582 exempli
538 2479 650 2581 gretia,
673 2517 745 2559 eum
766 2495 898 2560 alterum
914 2496 945 2558 in
967 2495 1072 2559 locum
1094 2496 1273 2583 profectum
1295 2516 1365 2559 esse

271 2602 370 2667 verbo
394 2594 452 2684 ,i'“
476 2602 550 2665 addi
581 2624 644 2665 non
675 2611 789 2688 potest.
840 2624 922 2688 quae
951 2603 1089 2666 cunita
1111 2605 1190 2685 sint,
1212 2602 1290 2688 Hug
1312 2611 1366 2666 cut

271 2709 370 2772 verba
390 2700 442 2794 „iij¹
452 2703 602 2789 ἐξελθών
622 2710 713 2774 που“
734 2717 770 2770 ut
800 2708 960 2792 glossema
992 2707 1145 2773 eiicienda
1186 2719 1240 2772 aut
1273 2703 1366 2792 „ur'd’

270 2809 421 2896 ἐξελθών
441 2817 530 2881 πουίί
553 2815 755 2879 scribendum
780 2836 850 2879 esse
873 2824 991 2879 censet.
1035 2837 1169 2901 quarum
1204 2815 1243 2879 de
1267 2814 1366 2880 altera

272 2925 454 2986 coniectura
474 2932 510 2985 ut
531 2923 617 3007 prius
639 2921 804 3005 disseram,
828 2943 913 3002 sane,
937 2922 963 2985 si
985 2922 1084 2986 verba
1106 2916 1201 3008 ,μήδ’
1215 2915 1367 3002 ἐξελθών

272 3030 362 3094 που“
383 3029 421 3093 ab
442 3030 565 3114 origine
586 3030 617 3091 in
641 3028 800 3092 codicibus
822 3028 965 3110 fuissent,
987 3029 1145 3112 glossema
1161 3039 1276 3114 essent,
1292 3052 1366 3093 nam

271 3137 486 3200 necessarium
517 3157 581 3199 non
611 3143 680 3198 erat
708 3134 846 3215 addere,
876 3156 949 3199 eum
981 3135 1077 3199 domo
1106 3157 1169 3199 non
1192 3137 1316 3220 exiisse,
1341 3137 1367 3200 si

275 3242 360 3306 domi
383 3242 520 3323 dormiit,
555 3251 719 3328 praeterea
742 3243 824 3306 servi
848 3263 957 3305 omnes
983 3242 1043 3306 hoc
1065 3243 1172 3306 testari
1199 3265 1264 3306 non
1278 3252 1365 3329 pote·

273 3359 353 3431 rant,
376 3370 449 3414 eum
469 3370 626 3434 nusquam
649 3349 773 3432 exiisse,
797 3349 871 3434 quia
885 3347 1032 3412 omnibus
1046 3349 1079 3412 in
1094 3349 1239 3435 partibus
1255 3349 1367 3414 domus

274 3478 422 3521 essenon
437 3464 593 3543 poterant.
629 3464 662 3518 at
678 3457 875 3521 contrarium
885 3456 1004 3541 optime
1021 3454 1096 3519 addi
1110 3462 1244 3542 poterat,
1266 3477 1365 3541 quare

275 3564 455 3627 coniectura
475 3561 591 3626 codicis
613 3561 671 3625 M:
692 3552 785 3644 „drr'
807 3555 958 3641 ἐξελθών
978 3562 1068 3626 noc“
1087 3564 1180 3626 unice
1213 3570 1300 3626 recte
1333 3583 1368 3625 se

274 3670 391 3734 habere
421 3671 496 3734 mihi
527 3670 671 3753 videtur,
704 3671 779 3753 (nisi
806 3671 876 3755 quis
903 3657 1002 3733 verba
1029 3659 1070 3751 „i'
1098 3662 1248 3748 ἐξελθών
1276 3670 1369 3735 που“

276 3800 347 3842 cum
368 3777 478 3864 Hugio
507 3777 621 3842 eiicere
657 3778 804 3861 mavult).
867 3776 962 3841 facile
999 3784 1106 3840 autem
1135 3785 1209 3862 post
1236 3776 1368 3840 verbum

275 3872 389 3966 „a'ffl
413 3883 554 3970 suppleri
575 3891 700 3968 potest:
715 3876 796 3967 „dria
817 3885 945 3970 φανῴ“,
967 3883 1011 3947 ita
1031 3891 1068 3946 ut
1088 3881 1276 3946 vertendum
1298 3884 1368 3948 sit:

346 4166 367 4235 ¹)
386 4183 420 4218 ex
438 4166 533 4219 Stahlii
551 4166 712 4219 recensione.

346 4258 368 4329 Ι)
386 4261 452 4327 Hug
467 4277 512 4328 pg.
531 4265 572 4313 23.
