3194 4916
777 531 818 595 43

701 619 900 627 —a—

248 733 342 799 lectio
365 732 508 796 codicum
532 731 621 815 Apr.
641 728 673 794 N
694 729 905 818 praeferenda
927 740 984 811 est,
1009 732 1083 815 quia
1096 729 1177 794 haec
1191 738 1347 794 structura
1431 785 1438 801 ,

253 840 339 928 apud
359 840 589 926 Antiphontem
613 838 738 925 saepius
760 838 930 902 invenitur.
980 837 1139 920 (verbum,
1153 861 1204 914 τις
1224 837 1344 902 subiec-

247 957 314 1014 tum
337 948 409 1030 est.)
838 951 843 960 '

330 1053 426 1118 Addo
449 1062 515 1119 tres
536 1054 642 1135 locos,
664 1052 721 1118 ubi
743 1061 775 1117 et
796 1051 940 1117 codicum
962 1052 993 1115 A
1015 1074 1061 1139 pr.
1084 1051 1170 1118 Not
1191 1053 1264 1118 ΒΑ3
1285 1053 1345 1117 leo

246 1163 350 1227 tiones
369 1161 469 1225 falsae
492 1172 595 1226 sunt.

263 1267 428 1333 1de
450 1268 500 1332 6:
530 1269 561 1331 A
591 1288 638 1352 pr
669 1266 731 1332 N:
760 1279 915 1354 κρεῖσσον
945 1257 1009 1347 ὠν,
1045 1266 1153 1330 But·
1146 1316 1153 1330 .
1183 1268 1347 1353 κρείσσων

540 1365 635 1458 ὢν),

251 1475 488 1566 ,κρεισσόνοος3
510 1490 597 1546 recte
619 1503 654 1546 se
675 1480 789 1564 habet3
819 1481 979 1568 corruptio
1009 1483 1041 1544 in
1074 1480 1182 1546 codiee
1205 1482 1232 1545 B
1253 1481 1346 1546 facile

249 1589 336 1651 nasci
357 1598 492 1674 poterat,
515 1610 587 1653 oum
609 1587 743 1652 verbum
767 1579 1046 1673 ,ὑποδεέστερος3
1078 1597 1281 1673 sequeretur,
1313 1589 1344 1651 id

250 1695 335 1780 quod
364 1697 396 1759 in
428 1695 574 1759 omuibus
604 1693 764 1758 codicibus
796 1695 840 1759 ita
871 1681 1022 1759 tdaditum
1055 1703 1118 1777 ου),
1152 1716 1345 1780 quamquam

250 1802 390 1867 concedo
419 1803 582 1867 librarium
612 1802 729 1866 codicis
759 1803 786 1866 B
817 1803 876 1865 hoc
904 1803 974 1866 loco
1007 1801 1125 1888 aliquid
1155 1801 1345 1890 interpolare

250 1910 400 1994 potuisse.
800 1923 802 1927 '

704 2020 726 2097 β
985 2042 1006 2082 α

332 2115 372 2180 V.
398 2117 471 2200 103)
494 2139 502 2180 :
523 2139 547 2180 x
568 2145 608 2172 =
629 2140 650 2181 α
672 2138 680 2178 :
702 2105 956 2183 ἄνταποθανεῑν
975 2121 1039 2183 τοῦ
1059 2111 1166 2202 νόμου
1191 2115 1347 2200 κειμένου

531 2218 594 2290 τὸν
614 2213 883 2304 deonacum,-

252 2375 332 2439 quae
355 2355 452 2419 verba
474 2377 545 2419 cum
567 2355 601 2420 in
623 2357 731 2420 codice
748 2355 779 2420 N
794 2357 882 2440 siglis
904 2357 1059 2439 neglectis
1082 2355 1344 2438 describerentur,

250 2461 283 2523 in
305 2450 440 2546 Asig'la
463 2463 584 2526 sivein
610 2461 776 2527 scribendo
809 2464 876 2526 sive
907 2464 939 2526 in
971 2462 1107 2548 legendo
1137 2461 1243 2526 addita
1274 2471 1347 2526 sunt

252 2589 292 2631 ex
314 2568 421 2633 codice
442 2594 473 2634 α.
516 2570 572 2633 sed
596 2569 739 2634 librarius
762 2569 878 2633 codicis
900 2569 927 2632 B
949 2570 1029 2655 sigla
1057 2570 1136 2634 falso
1158 2571 1345 2654 interpreta-

251 2684 317 2756 tus,
350 2698 422 2739 oum
455 2699 512 2762 per
544 2701 565 2742 α
588 2678 814 2764 comprehendi
846 2687 973 2764 putaret
1005 2677 1105 2741 verba
1138 2681 1219 2763 ,τοῦ
1239 2670 1347 2760 νόμου

251 2783 407 2868 κειμένου
427 2778 490 2849 τὸν
509 2773 794 2864 α’ποκτείναντα3,
827 2785 953 2871 scripsit
974 2808 981 2848 :
1005 2787 1086 2869 ,τοῖ
1115 2777 1222 2869 νόμου
1241 2783 1347 2868 κειμέ-

251 2913 323 2970 νου,
345 2883 407 2956 τὸν
429 2880 677 2958 ἀποκτείναντα
698 2883 919 2971 ἄποθανεῑν3,
942 2901 973 2954 et
988 2892 1033 2955 Λ3
1047 2892 1215 2954 lectionem
1231 2891 1348 2954 codicis

253 3000 297 3060 A¹
317 3001 361 3063 ita
382 3000 556 3064 secundum
579 3001 606 3063 B
629 3002 777 3080 correxit,
799 3011 834 3065 ut
854 3001 1022 3085 signumy
1052 3000 1111 3063 sub
1140 2999 1237 3063 verba
1268 3000 1348 3079 ,τοῦ

252 3095 534 3183 α’ποκτείναντος3
550 3115 694 3193 poneret,
718 3129 780 3192 quo
796 3107 1038 3192 significaretur,
1052 3107 1132 3170 haec
1146 3105 1245 3170 verba
1256 3104 1347 3169 tortio

253 3211 321 3276 loco
344 3213 493 3298 ponenda
515 3233 593 3276 esse·
644 3212 723 3276 haec
752 3211 832 3298 Hug
862 3213 980 3299 optime
1013 3213 1168 3298 exposuit.
1223 3233 1348 3296 exque

252 3319 460 3404 intellegitur,
494 3329 528 3382 ut
550 3319 666 3382 codicis
689 3318 715 3382 B
739 3319 900 3384 librarium
922 3317 1135 3405 interpolendi
1157 3317 1261 3382 studio
1284 3340 1347 3381 non

253 3435 393 3491 mutasse
417 3425 566 3490 dieamus.
610 3427 702 3491 lectio
725 3436 829 3490 autem
853 3427 969 3490 codicis
984 3427 1136 3490 A1unics
1157 3447 1234 3490 vera
1256 3425 1347 3509 ssu).

324 3732 344 3800 ¹)

322 3823 344 3892 ¹)

363 3827 489 3894 Hugpg
509 3773 592 3891 8,.11,
613 3833 651 3878 17.

252 3979 256 3989 ι
324 3917 346 3986 3)
365 3920 424 3971 Ηοο
443 3921 594 3988 exemplum
612 3920 762 3972 addendum
779 3927 820 3972 ost
837 3921 922 3987 Hugii
938 3921 1019 3972 classi
1035 3920 1184 3971 seoundco:
1202 3919 1236 3968 A·
1256 3925 1348 3970 contra

255 4020 345 4055 omnes
363 4005 467 4056 codices
486 4004 531 4070 (of.
549 4008 614 4072 Hug
631 4023 675 4072 pg.
695 4007 747 4073 14),
770 4007 847 4058 cuius
865 4007 929 4072 Hug
956 4012 1083 4072 quattuor
1104 4011 1209 4056 tantum
1227 4006 1348 4070 exempla

255 4105 283 4140 se
309 4088 442 4140 invenisse
471 4091 552 4155 dicit,
578 4109 641 4143 nam
658 4094 689 4143 V.
709 4093 749 4156 59,
769 4093 861 4158 eodem
878 4092 972 4156 modo,
1000 4109 1051 4156 quo
1075 4092 1120 4141 VI.
1139 4094 1188 4154 30,
1206 4090 1348 4140 lectionem

256 4174 355 4225 codicis
373 4175 395 4224 B
413 4190 474 4225 cum
491 4176 606 4226 lectione
624 4177 723 4226 codicis
739 4176 774 4226 A¹
793 4177 951 4240 consentire,
969 4193 1002 4227 ex
1022 4177 1139 4226 Bekkeri
1155 4177 1259 4227 silentio
1286 4191 1348 4226 con·

257 4259 330 4311 eludi
347 4267 441 4330 potest.
477 4278 562 4331 neque
580 4263 613 4312 11.
623 4265 649 4334 β.
669 4265 684 4314 9
702 4263 831 4333 quadrare
849 4269 928 4318 antea
945 4263 1060 4318 vidimus
1080 4261 1133 4335 (pg.
1153 4266 1193 4332 32,
1210 4263 1297 4313 adnot.
1311 4263 1348 4332 4),
