3194 4916
795 459 837 526 26

266 641 483 727 auctoritatem
508 659 624 725 codicis
646 669 771 724 secutus
798 671 865 742 est,
896 683 1001 748 neque
1030 662 1091 726 hoc
1121 683 1184 726 uuo
1214 663 1361 750 exemplo

264 770 470 857 prohibemur
493 777 641 850 statuere,
675 776 887 833 correctorem
903 769 949 833 A8
970 790 1011 832 ex
1034 769 1142 834 codiee
1164 769 1191 832 B
1214 769 1361 833 emenda-

264 877 365 940 tiones
389 899 461 940 suas
481 875 625 940 hausisse
647 875 820 940 codicemvc
841 877 873 940 B
894 898 934 940 ecc
960 876 1129 964 archetypo
1152 878 1203 966 (x)
1224 878 1362 942 omnium

264 984 423 1049 cornmum'
440 983 633 1068 descriptum
655 1005 728 1047 csse.

346 1092 592 1176 Argumentatio
607 1088 704 1176 igitur
726 1111 796 1154 mee
818 1091 950 1154 sirecte
972 1111 1006 1152 sc
1026 1089 1132 1170 habet,
1155 1089 1306 1175 sequitur,
1327 1099 1363 1153 ut

263 1206 396 1262 stemma
424 1217 481 1282 per
511 1195 656 1281 Hugium
686 1196 821 1282 positum
832 1194 859 1281 1)
890 1194 1020 1282 paulum
1052 1195 1237 1261 mutandum
1255 1206 1362 1282 etque

263 1305 309 1369 ite
331 1303 557 1369 instituendum
580 1325 649 1368 esse
673 1302 813 1368 dicemus
836 1325 843 1366 :

802 1433 824 1474 x

763 1495 863 1592 Α

746 1619 767 1659 α

264 1727 367 1792 codex
390 1750 408 1791 a
429 1727 635 1811 grammatico
701 1677 750 1776 s
914 1694 963 1790 Χ
1245 1795 1252 1809 .

412 1808 630 1894 interpolatus,
689 1798 709 1839 ¹¹
964 1791 1000 1874 B,
1034 1792 1137 1858 codex
1166 1815 1286 1878 passim
1309 1792 1361 1856 de·

621 1860 693 2023 }(
1035 1889 1195 1962 pravatus-

737 1973 813 2083 Am
869 1879 964 2086 s

818 2072 864 2134 A²
992 2124 1001 2153 ,
1023 2068 1126 2135 codex
1153 2070 1353 2157 depravatus.
1391 2155 1393 2159 ι

900 2158 974 2317 L!

1045 2336 1125 2498 ΧΖ.

346 2551 381 2618 Si
404 2553 474 2637 quis
494 2546 636 2615 codicem
659 2574 680 2613 u
703 2551 746 2614 ite
767 2550 876 2615 tollere
908 2551 1032 2635 studet,
1065 2560 1100 2615 ut
1132 2573 1204 2614 cum
1235 2550 1359 2616 Blaesio

264 2668 398 2738 statuat,
429 2659 532 2722 varies
554 2657 703 2723 lectiones
732 2660 765 2722 in
785 2683 807 2723 α
828 2658 931 2723 illatas
963 2680 1042 2739 esse,
1065 2666 1234 2745 postquem
1254 2657 1286 2721 A
1309 2658 1360 2722 de·

264 2765 400 2851 scriptus
424 2774 480 2847 est,
502 2787 567 2829 nou
590 2766 735 2831 resistam
757 2774 853 2851 etque
875 2791 896 2832 α
920 2767 978 2831 erit
993 2765 1129 2831 codexa
1149 2764 1356 2851 grammatico

262 2873 471 2959 interpolatus
483 2873 520 2957 2).

714 3160 912 3170 *-

788 3369 832 3434 11.

478 3553 533 3636 De
560 3553 687 3637 classe
712 3575 733 3652 β
758 3557 867 3638 reete
895 3554 1150 3640 aestimande.

345 3751 488 3814 Pretium
520 3752 629 3816 classis
657 3757 678 3834 β
706 3751 799 3817 Blees
830 3753 904 3818 olim
935 3754 1056 3818 nullum
1086 3776 1155 3818 esse
1185 3763 1360 3836 censuerat,

263 3859 337 3943 quie
349 3859 416 3922 eius
428 3858 552 3922 codices
566 3883 606 3922 ex
619 3858 727 3922 codice
737 3861 769 3925 A
781 3861 947 3926 fluxissent
958 3871 1051 3948 atque
1063 3860 1360 3946 interpolationibus

334 4166 353 4235 ¹)
374 4169 438 4233 Hug
455 4183 498 4233 pg.
519 4171 559 4218 24.

332 4249 354 4320 ²)
373 4254 407 4303 cf.
424 4269 468 4322 pg.
487 4257 561 4305 7-8.
