3194 4916
778 457 829 536 '55

342 669 403 734 ΠΙ.
415 692 444 754 y.
466 667 553 756 2¹):
587 657 743 753 ἴλεγξας,
778 668 863 754 quod
889 668 1002 755 Hug2)
1036 669 1278 756 interpolatione
1309 671 1354 733 in-

260 786 391 842 ventum
413 798 483 840 esse
504 785 603 862 putat.
658 784 690 840 at
710 776 765 839 vix
788 775 900 858 credo,
932 776 1092 841 librarium
1116 777 1231 841 codicis
1256 777 1284 840 B
1314 799 1355 841 ex

261 885 442 948 coniectura
473 884 569 948 talem
601 883 736 948 formam
770 882 917 968 dedisse,
958 907 1040 971 quae
1072 885 1191 948 nullum
1226 906 1354 948 sensum
1404 922 1408 926 -

258 992 399 1079 praebet.

342 1097 405 1164 ΙΠ.
416 1121 445 1183 y.
471 1098 526 1178 8⁸)
549 1119 556 1160 :
577 1099 744 1183 μηδεμὶας.
788 1098 915 1163 minime
938 1107 988 1162 est
1008 1098 1187 1182 verisimile,
1210 1098 1355 1164 hocloco

261 1207 407 1270 lacunam
429 1193 610 1270 coniectura
633 1227 700 1269 esse
715 1206 884 1291 expletam,
906 1207 1090 1290 praesertim
1106 1228 1177 1269 oum
1193 1207 1226 1269 in
1242 1205 1366 1270 eadem,

247 1340 252 1346 -
260 1311 463 1404 paragrapho
485 1314 585 1377 verba
609 1303 648 1399 „ip
668 1313 704 1379 de
726 1315 834 1393 θεία“,
858 1315 994 1400 quaein
1017 1315 1126 1378 codice
1159 1314 1185 1376 B
1219 1321 1355 1394 exstant,

262 1425 442 1486 coniectura
463 1421 599 1485 inveniri
622 1443 687 1488 non
709 1421 879 1506 potuerint.

344 1545 401 1610 VI.
424 1545 481 1632 9⁴)
504 1568 511 1609 :
533 1539 660 1612 τούτου
691 1544 758 1610 ἰδία
789 1547 821 1608 in
855 1544 1014 1610 codiceB
1046 1566 1110 1609 non
1143 1541 1248 1608 ines'se
1280 1543 1356 1606 mihi

260 1675 447 1740 persuasum
478 1663 540 1732 est,
575 1675 613 1716 eo
644 1653 766 1737 magis,
800 1652 886 1737 quod
917 1651 1019 1716 codex
1041 1651 1077 1716 M
1108 1653 1265 1736 „consoni
1297 1643 1356 1736 dist

262 1763 402 1847 praebet.

348 1868 402 1933 VI.
425 1856 502 1953 26⁶)
526 1868 686 1932 :verbum
710 1861 860 1952 „ndvta“
883 1866 915 1930 in
938 1865 1047 1930 codice
1062 1866 1090 1930 B
1106 1888 1235 1953 quoque
1250 1867 1357 1930 inesse

263 1975 404 2057 videtur,
435 1975 563 2039 omnino
596 1975 636 2038 de
664 1975 725 2039 hoc
754 1975 823 2038 loco
853 1973 985 2038 iudicari
1008 1995 1073 2039 non
1094 1972 1358 2061 possediximus,

264 2085 339 2172 quia
360 2083 488 2150 Bekker
510 2085 550 2148 de
573 2084 681 2149 codice
702 2083 730 2146 B
754 2083 832 2146 nihil
853 2083 1024 2146 adnotavit.

347 2208 469 2275 Contra
498 2232 539 2274 ne
569 2209 712 2274 codicem
733 2234 754 2274 α
785 2207 913 2295 quidem
945 2207 1124 2294 suspicione
1145 2204 1357 2291 interpolendi

262 2316 396 2380 liberum
419 2339 490 2380 esse
511 2315 648 2379 vidimus
671 2339 677 2379 :

346 2423 408 2488 ΠΙ.
421 2448 450 2508 y.
472 2424 528 2508 6⁶)
550 2445 558 2486 :
581 2423 681 2487 verba
703 2427 850 2508 „position
875 2411 1141 2487 δὲ-ἆπέκτεινεν“
1164 2418 1358 2504 interpolata

263 2553 333 2596 esse
355 2530 511 2594 videntur.

345 2638 448 2722 lILy.
471 2639 526 2722 8⁷)
551 2661 558 2701 :
581 2637 680 2700 verba
703 2627 737 2722 „a‘
763 2635 799 2701 δὲ
820 2626 983 2721 ἄλήθεια“
999 2633 1233 2721 interpolationi
1249 2627 1356 2695 deberi

264 2754 397 2812 constat.

346 2869 411 2936 HI.
423 2871 451 2936 d.
475 2871 514 2936 10
525 2870 573 2953 ⁸):
594 2869 728 2932 verbum
751 2856 978 2953 „oinoie'mtaffl
1001 2865 1033 2929 in
1049 2864 1157 2928 codiee
1174 2889 1195 2930 α
1209 2863 1356 2928 traditum

264 2977 447 3044 foedissime
468 2976 696 3061 interpolatum
719 2983 778 3038 ost.

345 3101 406 3165 'IV.
419 3105 449 3182 β.
471 3101 529 3182 2⁹)
553 3100 717 3164 :verbum
740 3091 901 3184 „oodrioqffi
934 3118 975 3160 ex
1008 3095 1188 3160 coniectura
1213 3092 1305 3157 facile
1326 3091 1358 3155 in

266 3234 286 3275 a
310 3208 382 3273 addi
405 3209 518 3299 potuit.¹

265 3423 463 3434 ....--—--—

335 3539 355 3610 ¹)
373 3557 416 3608 Pe·
436 3495 476 3591 3⁸·

334 3625 355 3695 ²)
375 3628 439 3692 Hug
456 3642 500 3692 pg.
520 3628 560 3675 22.

335 3710 357 3779 ι)
376 3728 419 3778 pg.
437 3713 547 3761 47-4s.

333 3794 355 3864 ⁴)
375 3813 417 3862 pg.
438 3799 546 3847 20-21.

335 3880 357 3949 ⁶)
376 3898 419 3948 pg.
439 3884 480 3945 20,
499 3883 540 3930 37.

335 3964 358 4035 ⁶)
376 3983 419 4034 pg.
439 3969 548 4017 39-40.

337 4051 358 4120 ²)
378 4069 421 4119 ne·
440 4055 482 4102 4⁸·

337 4137 358 4206 8)
378 4155 421 4205 na·
440 4140 480 4189 4⁹·
500 4161 505 4176 ·

337 4223 359 4292 ⁰)
377 4241 421 4293 ns·
440 4226 480 4277 38·
