3194 4916
802 482 843 546 57

789 779 850 844 III.

356 960 408 1024 Ab
440 959 530 1023 initio
563 959 639 1023 mihi
672 983 914 1048 proposueram,
950 983 1071 1026 omnes
1103 962 1210 1045 locos,
1254 961 1369 1048 quibus

275 1067 395 1154 aliquid
419 1069 719 1131 commemoratione
741 1068 831 1153 digni
854 1068 927 1132 addi
949 1089 1044 1154 posse
1066 1068 1143 1132 mibi
1157 1070 1258 1132 visum
1276 1077 1369 1152 esset,

274 1175 305 1238 in
321 1174 478 1259 prioribus
494 1175 766 1238 commentationis
789 1197 878 1240 meae
904 1175 1055 1263 partibus,
1081 1175 1137 1239 ubi
1151 1176 1274 1239 occasio
1297 1175 1370 1240 data

275 1291 367 1364 esset,
390 1291 537 1346 tractare.
584 1281 679 1360 Quod
703 1304 775 1346 cum
795 1283 864 1347 fieri
887 1305 951 1346 non
973 1294 1098 1370 posset,
1119 1286 1306 1370 praesertim
1330 1284 1368 1346 si-

276 1390 347 1453 cubi
372 1410 482 1452 omnes
506 1388 632 1453 codices
654 1392 793 1478 corrupti
815 1400 869 1454 aut
892 1391 1072 1476 interpolati
1095 1412 1164 1454 esse
1186 1391 1263 1453 mihi
1284 1390 1370 1453 vide-

276 1497 399 1579 bantur,
422 1496 484 1558 iam
507 1496 565 1559 sub
588 1495 683 1558 finem
707 1497 983 1561 commentationis
1004 1497 1083 1561 tales
1099 1498 1184 1560 locos
1200 1497 1370 1562 emendare

276 1603 411 1668 studebo
433 1625 617 1683 erroresvc,
640 1606 694 1691 qui
716 1603 748 1669 in
777 1604 967 1692 novissimas
990 1603 1143 1668 editiones
1165 1605 1371 1690 irrepserunt,

275 1711 386 1775 tollere
409 1711 549 1775 conabor
573 1733 580 1774 :

342 1818 384 1883 ·I.
402 1821 441 1884 10
463 1841 471 1882 ε
504 1811 704 1900 βασανιοτὰς
724 1819 760 1884 δὲ
783 1808 906 1896 αὐτοὺς
926 1799 1070 1895 τούτους
1092 1817 1248 1883 ἐκέλευον
1267 1817 1371 1901 γίγνε-

277 1931 362 1992 odat
377 1925 459 2011 έμοῦ
472 1919 653 2013 παρόντος,
673 1926 730 1992 ἳνα
744 1919 789 2011 μὴ
803 1915 1075 2010 οἷναγκαζόμενοι,
1090 1914 1112 1990 ἃ
1125 1917 1191 2009 έγώ
1213 1923 1287 1990 έπε
1298 1947 1318 2009 ρ
1329 1949 1371 1988 oo-

276 2037 403 2118 τῷμι,
433 2033 624 2118 λέγοιεν,
657 2022 729 2098 ἄλλ’
760 2027 888 2120 ἐξήρκει
908 2057 976 2118 μοι,
1006 2047 1079 2110 τοῖς
1099 2031 1137 2098 ἐν
1157 2035 1207 2118 τῷ
1227 2053 1371 2118 γραμμα-

276 2141 356 2226 τείῳ
385 2145 530 2227 χρῆσθαι
567 2143 623 2207 καὶ
657 2131 741 2207 αι’-τό
772 2165 830 2226 μοι
856 2145 960 2207 τοῦτο
992 2134 1171 2227 τεκμήριον
1200 2140 1372 2204 δίκαιον

279 2245 414 2327 ἐὀται,
436 2239 489 2313 ὅτι
511 2237 626 2334 ὀρθῶς
646 2250 703 2314 καὶ
723 2249 859 2324 δικαίως
879 2249 1080 2335 μετέρχομαι
1099 2241 1162 2313 τὸν
1183 2247 1289 2329 φονέα
1309 2250 1373 2312 τοῦ

277 2348 414 2441 πατρός.
448 2355 476 2420 εἰ
489 2354 525 2420 δέ
538 2347 683 2441 ἄπαρνοι
697 2357 864 2442 γίγνοιντο
879 2347 1039 2440 ἤλέγοιεν
1052 2348 1098 2440 μὴ
1111 2345 1372 2440 ὁμολογούμενα,

277 2452 297 2547 ἡ
318 2455 508 2543 βάσανος
537 2452 782 2548 ἀναγκάζει
803 2454 846 2527 τὰ
866 2455 1030 2548 γεγονότα
1050 2475 1265 2548 κατηγορεῖν·
1288 2453 1372 2547 αὕτη

276 2562 340 2654 γὰρ
367 2570 423 2634 καὶ
452 2561 532 2646 τοὺς
559 2562 602 2634 τὰ
633 2569 741 2655 ψευδῆ
762 2569 1093 2654 παρεσκευασμένους
1114 2569 1223 2655 λέγειν
1242 2558 1374 2654 τάληθῆ

277 2689 475 2763 κατηγορεῖν
495 2671 636 2763 ποιήσει.

361 2806 431 2847 cum
462 2784 558 2848 ceteri
586 2783 711 2849 codices
734 2781 916 2870 ,ἐπερωτῶ
935 2777 999 2870 pist
1022 2783 1207 2871 praebeant,
1239 2783 1372 2848 verbum

280 2890 515 2978 ,ἐπερωτῷμι“
537 2893 569 2955 in
592 2891 700 2955 codice
721 2889 754 2954 N
775 2901 860 2954 recte
883 2900 1059 2956 correctum
1081 2900 1146 2975 est,
1177 2889 1261 2976 quod
1289 2890 1374 2954 idem

279 2996 399 3063 Reiske
444 3000 631 3063 coniecerat.
715 2999 813 3060 verba
860 3008 964 3061 autem
1002 2998 1153 3083 ,δίκαιον
1188 2995 1299 3062 datust
1343 3005 1375 3062 et

280 3095 514 3191 ,ἄναγκάζει“,
547 3127 629 3191 quae
657 3105 690 3169 in
712 3104 858 3168 omnibus
880 3103 1042 3169 codicibus
1063 3102 1180 3168 tradita
1200 3113 1282 3185 sunt,
1306 3125 1373 3167 cor-

279 3220 374 3298 rupta
403 3234 474 3276 asse
504 3221 601 3297 patet.
655 3220 727 3275 autc
759 3211 894 3274 verbum
917 3200 1150 3297 ,ἄναγκάζει“,
1179 3211 1234 3275 ubi
1257 3211 1375 3276 Aldina

281 3317 427 3382 addidit:
445 3309 485 3405 ,ἦ
507 3311 610 3404 δικὴ“,
634 3318 825 3382 Turicenses
847 3311 1106 3399 emendaverunt,
1130 3340 1199 3381 cum
1222 3309 1257 3399 „i
1276 3311 1376 3399 βάσα-

280 3428 359 3502 νος“
389 3425 575 3490 insererent.
628 3432 795 3512 praeterea
827 3424 896 3488 loco
931 3425 1020 3489 verbi
1052 3426 1223 3506 ‚‚dixuaov“
1254 3423 1375 3488 Reiske

281 3526 440 3617 ,,ἱκανὸν“
470 3532 653 3620 proposuit,
687 3554 757 3596 cum
789 3531 859 3595 loco
891 3533 1062 3596 verborum
1091 3533 1243 3615 ,δίκαιον
1265 3529 1378 3599 έοται“

281 3639 445 3705 Maetzner
454 3641 479 3724 ¹)
512 3639 711 3704 coniiceret:
742 3633 897 3720 ,δίκαιον
937 3638 1030 3705 έοτιν
1072 3635 1194 3719 εἷναιέέ,
1225 3638 1258 3702 id
1290 3636 1375 3724 quod

281 3745 374 3809 Biass
388 3747 420 3808 in
435 3755 556 3809 textum
571 3748 700 3833 recepit.
733 3756 843 3811 contra
858 3769 953 3832 quam
970 3746 1185 3811 coniecturam
1200 3745 1375 3809 Maetzneri

282 3851 395 3938 Hug2)
418 3860 504 3916 recte
526 3854 655 3935 monuit,
678 3874 742 3918 non
764 3855 826 3938 agi,
851 3852 926 3939 quid
948 3860 1036 3918 actor
1057 3851 1096 3917 de
1117 3852 1178 3916 hac
1198 3873 1232 3916 re
1254 3853 1374 3937 cogita·

353 4159 372 4228 ¹)
392 4163 425 4212 cf.
445 4162 507 4214 edit.
524 4178 569 4229 pg.
590 4165 646 4213 134.

350 4244 373 4314 ¹)
390 4248 487 4299 Philol.
505 4248 614 4315 Anneig.
632 4248 687 4313 Ν,
705 4264 741 4314 pg
760 4251 816 4300 123.
