3194 4916
763 459 809 581 '9

701 604 899 612 ———·-——-—-

335 717 376 782 V.
398 719 448 783 48.
472 717 596 781 codices
619 715 766 780 BLMZ:
791 709 942 801 „periyoo“
966 715 1148 778 omiserunt.

338 824 424 890 ILa.
440 825 514 911 hyp.
542 822 665 888 codices
682 822 804 887 BLMZ
828 846 836 886 ι
859 823 1053 908 „reported
1077 821 1240 907 praebent.
1284 819 1347 883 NA

401 931 585 1018 praebent:
610 925 845 1017 „pedyovroe“.
918 1013 922 1028 Ι

333 1039 376 1103 Il.
388 1063 418 1124 γ.
441 1040 461 1104 6
482 1038 606 1102 codices
631 1037 750 1102 BLMZ
774 1060 782 1101 :
806 1035 1053 1124 „aspergamur
1076 1033 1240 1121 praebent.
1283 1029 1348 1098 AN

402 1144 655 1234 „nopaxdipvoc“
679 1145 840 1231 praebent.
1337 1211 1340 1220 ⁸

335 1253 474 1320 Omnino
498 1253 621 1316 codices
636 1250 757 1315 BLMZ
774 1251 936 1335 octoginta
957 1249 1025 1315 fere
1046 1249 1124 1313 locis
1147 1250 1349 1313 consentiunt
1446 1237 1447 1244 ἵ

253 1369 365 1424 contra
387 1361 512 1425 codices
533 1358 607 1442 AN,
631 1381 729 1446 quare
751 1357 830 1444 Hug
852 1360 973 1438 statuit,
1003 1378 1057 1422 eos
1084 1379 1126 1420 ex
1156 1378 1218 1421 uno
1240 1355 1347 1419 arche-

252 1477 348 1553 typo,
380 1471 518 1553 quemi?
546 1465 728 1553 appellavit,
761 1464 938 1549 descriptos
966 1487 1046 1528 esse.
1096 1464 1208 1529 horum
1243 1472 1349 1527 tamen

252 1573 354 1637 codex
365 1571 601 1637 Laurentianus
617 1572 679 1635 Ba
701 1571 815 1635 ceteris
838 1571 1066 1635 discernendus
1087 1579 1144 1652 est,
1167 1593 1240 1634 nam
1263 1569 1347 1633 codi-

252 1702 305 1744 ces
334 1679 435 1756 ΙΛΜΖΥ
465 1681 496 1744 in
534 1679 657 1744 mendis
695 1677 883 1765 quibusdam
922 1679 1107 1763 saepissime
1139 1679 1348 1761 consentiunt,

251 1789 296 1851 ita
328 1795 362 1851 ut
394 1787 472 1872 Hug
502 1796 588 1851 recte
619 1787 812 1871 singularem
842 1785 983 1862 codicem
1014 1787 1211 1871 y-statuerit
1240 1806 1348 1849 eorum

253 1894 372 1959 fontem
394 1895 541 1976 fuisse¹).
596 1894 699 1990 codex
720 1894 747 1957 B
771 1903 877 1959 autem
900 1894 1128 1959 sincerissimus
1141 1895 1238 1972 testis
1256 1893 1349 1965 ¹fami·

252 2001 311 2065 liae
332 2006 353 2083 β
375 2012 440 2085 est;
464 2001 503 2065 cf.
527 2001 791 2088 exempli‘gratia
813 2001 870 2066 VI.
893 2003 934 2065 44
951 2024 963 2066 ,ε
987 1985 1082 2066 ΑΝιε
1105 1992 1221 2089 ἡμέραι
1243 1991 1273 2081 ὃ,
1296 2002 1348 2065 B:

251 2099 377 2195 ἡμέρας
399 2100 428 2189 ὁ,
449 2107 510 2173 ΜΖ
533 2132 540 2172 :
563 2099 702 2196 ἡμέρας,
733 2107 786 2173 nbi
809 2110 893 2173 solus
915 2109 1112 2177 accusativus
1136 2099 1294 2196 „ippe'poffl
1317 2109 1349 2171 in

258 2216 364 2280 codice
387 2214 414 2279 B
438 2227 582 2281 servatus
604 2227 691 2281 recte
713 2238 747 2280 se
769 2216 875 2300 habet,
899 2238 994 2302 quem
1015 2216 1160 2291 librarius
1183 2216 1299 2292 codicis
1321 2215 1348 2278 B

256 2346 319 2387 non
342 2305 524 2387 coniectura
545 2324 684 2406 invenit,
717 2326 810 2410 quia,
840 2324 865 2388 si
888 2345 961 2387 enm
981 2322 1222 2409 interpolasset,
1255 2325 1350 2388 etiam

258 2429 389 2494 verbum
413 2421 472 2516 ᾖὁ“
496 2431 667 2511 omisisset,
699 2431 732 2494 id
763 2430 849 2516 quod
879 2431 911 2493 in
935 2431 1096 2494 codicibus
1119 2430 1178 2494 MZ
1206 2432 1348 2496 consulto

255 2538 485 2612 omissumest.
528 2547 695 2625 praeterea
717 2537 756 2601 cl.
781 2537 824 2601 II.
836 2542 866 2619 β.
880 2539 927 2619 10,
956 2537 1010 2602 ubi
1033 2538 1141 2602 classis
1163 2543 1184 2620 β
1204 2537 1350 2602 lacunam

254 2644 388 2730 praebet
417 2654 548 2731 propter
577 2645 711 2709 verbum
734 2634 971 2728 „decretumst
994 2643 1087 2708 brevi
1114 2644 1279 2709 intervallo
1302 2645 1350 2708 bis

253 2754 399 2838 positum.
442 2754 475 2816 in
498 2752 646 2817 codiceB
669 2753 798 2839 quidem
820 2753 921 2817 verba
942 2742 1095 2840 ᾖόρθῶςα
1120 2760 1153 2816 et
1167 2756 1350 2839 „xerolop-

253 2853 394 2946 lloivmal‘
417 2871 544 2925 servata
565 2870 646 2943 sunt,
676 2863 709 2926 in
733 2860 893 2925 codicibus
916 2869 1022 2924 autem
1044 2860 1154 2925 classis
1174 2885 1195 2946 γ
1217 2861 1349 2925 verbum

256 2956 408 3054 „dpdobffl
445 2968 586 3032 consulto
630 2969 780 3033 omissum
825 2978 923 3054 atque
960 2961 1272 3054 »καταλαμβάνητεα
1317 2969 1349 3030 in

255 3066 585 3163 „xutolapdoipproffl
609 3085 791 3161 corruptum
813 3084 871 3155 est,
885 3096 965 3147 cum
987 3076 1020 3138 in
1043 3073 1151 3138 codice
1173 3074 1201 3146 L
1224 3078 1349 3160 signum

254 3181 383 3268 quidem
404 3181 536 3246 lacunae
556 3183 695 3268 positum
718 3182 766 3246 sit.
809 3181 861 3258 hic
883 3183 967 3260 enirn
984 3181 1095 3262 codex,
1118 3167 1299 3246 Marcianus
1312 3181 1350 3264 L,

255 3311 335 3374 exy
363 3288 462 3352 multo
490 3287 601 3352 melius
632 3287 809 3375 descriptus
841 3296 906 3372 est,
937 3309 1032 3373 quam
1063 3289 1164 3352 codex
1185 3287 1229 3371 M,
1253 3305 1372 3376 quare·

254 3395 426 3460 dolendum
442 3405 499 3472 est,
523 3394 608 3481 quod
624 3395 754 3460 Bekker
769 3417 842 3462 eum
858 3417 921 3460 non
936 3395 1018 3470 ultra
1033 3397 1159 3470 tertiam
1175 3397 1350 3470 orationem

255 3503 395 3584 contulit,
418 3503 536 3591 quippe
561 3526 655 3590 quem
676 3513 742 3567 tam
763 3503 870 3567 multis
892 3504 925 3566 in
947 3503 1070 3568 mendis
1093 3525 1163 3567 curn
1178 3483 1351 3566 Zconsen-

253 3609 313 3673 tire
333 3609 458 3691 viderit,
480 3632 554 3674 nam
577 3632 617 3674 ex
641 3611 807 3693 12410015,
830 3609 945 3696 quibus
965 3611 1092 3674 codices
1113 3609 1174 3674 ΜΖ
1198 3612 1229 3674 in
1251 3608 1351 3674 tribus

254 3717 413 3809 prioribus
435 3717 642 3800 orationibus,
663 3718 708 3781 ita
729 3726 765 3782 ut
786 3739 911 3804 semper
940 3717 1009 3781 fere
1031 3717 1145 3781 falsum
1167 3718 1351 3801 praebeant,

255 3833 365 3888 contra
386 3824 414 3887 B
437 3825 654 3906 consentiunt,
688 3824 792 3888 codex
813 3822 842 3887 L
864 3824 904 3889 82
933 3824 1009 3888 locis
1032 3846 1050 3888 a
1071 3833 1161 3911 parte
1185 3824 1300 3888 codicis
1323 3822 1350 3885 B

243 4177 245 4182 Δ
332 4107 350 4175 ¹)
368 4108 434 4175 Hug
456 4124 500 4175 pg.
519 4112 564 4172 24;
589 4109 738 4175 exemplum
760 4109 894 4175 prolatum
918 4107 960 4175 (V.
980 4107 1023 4175 65)
1047 4123 1101 4158 non
1126 4107 1204 4174 plane
1231 4105 1351 4172 quadrat,

258 4194 322 4259 quia
340 4193 482 4258 nescimus,
501 4193 565 4260 quid
583 4194 605 4244 L
622 4194 757 4260 praebeat,
775 4193 822 4244 aed
839 4194 892 4244 alia
910 4193 1031 4261 exempla
1049 4194 1071 4244 si
1088 4193 1201 4259 quaeris,
1219 4194 1253 4243 cl.
1271 4194 1291 4242 Ι.
1312 4197 1352 4254 29,

254 4281 301 4331 ΙΠ.
311 4299 336 4349 γ.
356 4281 379 4346 6,
399 4280 421 4332 δ.
431 4283 454 4331 4.
