3194 4916
724 1073 892 1168 Vita

350 1359 451 1424 Natus
467 1381 536 1423 sum
552 1359 755 1424 Hermannus
771 1359 906 1424 Reutnel
920 1358 1359 1424 Ransudtiia.d.V11.1dus

199 1485 218 1527 a.
266 1465 424 1531 Octobres
446 1467 521 1531 anni
542 1463 771 1532 MucchV.
793 1476 884 1553 patre
906 1465 1046 1530 Henrioo
1061 1467 1152 1530 verbi
1174 1465 1271 1530 divini
1292 1489 1358 1530 ma·
1394 1495 1395 1498 ¹

266 1573 376 1656 giemo,
407 1581 509 1637 matre
542 1571 663 1639 Bertha
694 1595 712 1638 e
740 1583 836 1659 gente
864 1573 970 1637 Funk.
1025 1561 1099 1637 fidei
1121 1573 1265 1638 addictus
1289 1596 1359 1657 sum

266 1663 495 1765 evangelicae
523 1689 692 1766 postquam
723 1679 808 1744 domi
840 1679 989 1744 educatus
1022 1702 1058 1742 ac
1079 1681 1188 1766 primis
1209 1680 1318 1744 litteris
1341 1702 1361 1743 a
1406 1712 1427 1760 ¹„-
1485 1697 1487 1701 ·
1577 1681 1578 1684 ’

266 1795 357 1872 patre
379 1788 497 1873 optimo
519 1788 658 1852 imbutus
674 1808 751 1869 sum,
773 1788 974 1872 gymnasium
990 1786 1228 1872 Bucdingense,
1249 1795 1364 1875 postea·

262 1891 503 1957 'Wormatiense
525 1893 686 1979 usquead
708 1915 826 1958 annum
857 1883 1114 1982 MDOO'OLXX
1141 1893 1360 1978 frequentavi3

268 2020 331 2085 quo
354 2020 436 2062 anno
460 2019 530 2061 cum
553 2006 644 2084 pater
666 2000 847 2063 carissimus
869 1998 984 2062 acerba
1005 2007 1107 2062 morte
1127 1999 1205 2062 mihi
1233 2009 1360 2085 ereptus
1422 2029 1426 2035 ·

269 2115 364 2188 esset,
386 2127 456 2169 oum
478 2114 579 2170 matre
602 2105 713 2172 Gissas
736 2105 922 2188 demigravi.
971 2091 1158 2170 maturitatis
1179 2105 1360 2170 testimonio

267 2213 440 2277 instructus
460 2222 610 2276 autumno
632 2213 707 2277 anni
728 2210 1049 2279 MDCOOLXXIII.
1078 2214 1111 2276 in
1132 2213 1247 2276 civium
1268 2213 1361 2278 buius

268 2319 370 2384 almae
397 2319 579 2385 academiae
606 2341 772 2385 numerum
802 2329 947 2407 receptus
976 2331 1054 2384 sum.
1108 2321 1162 2385 ubi
1200 2306 1274 2384 dum
1303 2342 1361 2406 per

268 2448 366 2490 unum
395 2447 513 2490 annum
545 2425 703 2512 stipendia
723 2427 835 2505 merui,
856 2427 933 2490 iuris
955 2425 1104 2491 scientiae
1125 2447 1256 2513 operam
1278 2426 1360 2510 dedi,

222 2537 225 2542 '
268 2541 380 2619 postea
401 2554 479 2596 vera
499 2533 540 2596 ad
562 2532 666 2597 studia
687 2533 850 2620 philologa
870 2553 922 2596 me
946 2534 1096 2596 converti.
1151 2543 1361 2618 posteaquam

267 2660 324 2726 per
347 2648 417 2704 octo
439 2640 604 2704 semestris
624 2639 755 2705 interfui
777 2639 892 2705 scholis
915 2641 1054 2704 virorum
1077 2639 1360 2705 illustrissimorum

186 2789 188 2793 ψ
268 2746 485 2823 Bratusohek,
523 2744 663 2826 Olcmm,
699 2745 856 2826 Onchea,
891 2747 1049 2833 Philippi,
1091 2746 1237 2827 Sohiller,
1273 2745 1388 2812 Wei·

268 2852 374 2938 gand,
408 2861 504 2939 atque
523 2873 583 2937 per
603 2851 664 2916 tria
685 2855 851 2917 semestria
873 2853 1033 2918 seminarii
1066 2852 1220 2939 philologi
1243 2853 1360 2918 sodalis

268 2958 444 3023 ordinarius
473 2958 537 3040 fui,
572 2958 718 3047 proximo
744 2959 819 3022 anni
848 2959 1066 3025 antecedentis
1095 2980 1203 3023 mense
1226 2981 1361 3024 examen

267 3087 325 3151 pro
345 3086 476 3129 munere
500 3064 687 3130 scholastico
710 3067 832 3152 peregi.
1059 3052 1060 3056 ¹

349 3170 421 3235 Iam·
438 3171 646 3236 libentissime
669 3180 740 3236 utor
761 3172 928 3236 occasione
949 3171 1095 3236 omnibus
1116 3171 1204 3255 viris,
1226 3173 1280 3258 qui
1306 3193 1360 3258 op-

267 3279 344 3341 time
366 3277 405 3342 de
425 3299 478 3342 me
498 3277 601 3341 meriti
624 3285 706 3359 sunt,
727 3278 846 3363 gratias
867 3278 1022 3342 maximas
1053 3277 1190 3362 agendi,
1217 3279 1360 3365 inprimis

268 3382 528 3470 praeceptoribus
548 3383 628 3446 meis
661 3380 786 3448 Olemm
819 3393 852 3448 et
882 3382 1022 3470 Philippi
1065 3383 1130 3474 qui¹
1165 3393 1361 3470 quantopere
1437 3427 1438 3430 =

267 3512 320 3555 me
342 3489 520 3555 adiuverint
539 3490 646 3555 verbis
669 3490 745 3554 satis
768 3488 873 3554 dicere
896 3491 951 3552 vix
972 3510 1112 3576 possum.
