3194 4916
760 493 802 558 58

679 580 875 588 —....

135 729 137 734 -
230 691 321 772 verit,
344 711 407 775 quo
428 699 571 777 tempore
595 693 770 755 orationem
792 691 952 776 habuerit,
984 691 1041 757 aed
1073 691 1150 778 quid
1170 693 1224 758 illo
1246 702 1323 757 tem·

230 818 307 882 pore
329 789 526 882 cogitaverit,
549 817 612 882 quo
635 819 744 862 servos
772 799 966 884 torquendos
988 799 1047 864 sibi
1076 800 1157 863 tradi
1179 800 1323 890 voluerit,

230 924 330 991 quare
351 926 503 990 praeseus
536 914 662 990 tempus
684 915 769 970 recte
791 928 825 970 se
857 927 922 970 non
954 906 1058 970 habet.
1113 907 1199 993 quod
1219 917 1324 971 autem

230 1011 309 1098 Hug
329 1033 370 1077 ex
392 1013 535 1098 optativo
557 1001 788 1098 ηᾶααγκάζοια,
811 1035 905 1099 quem
922 1011 1105 1100 Stephanus
1125 1036 1183 1100 pro
1205 1013 1323 1077 indica-

230 1119 296 1182 tivo
318 1121 433 1205 posuit,
456 1118 645 1184 concludere
674 1121 790 1196 voluit,
821 1121 1036 1186 accusativum
1067 1142 1140 1184 cum
1168 1120 1324 1184 infinitivo

230 1236 326 1291 antee
348 1226 521 1291 desiderari
544 1237 640 1312 atque
661 1227 753 1291 huius
773 1229 821 1292 rei
843 1250 939 1291 causa
961 1229 1128 1314 proposuit
1150 1250 1157 1291 :
1188 1221 1325 1312 ᾖὶαααόα

232 1331 397 1414 ἔσεσθαια,
419 1333 479 1397 hoc
501 1355 563 1396 non
586 1333 697 1419 probo,
721 1335 796 1419 quia
817 1335 916 1399 verba
939 1336 1013 1421 ,καὶ
1035 1324 1120 1401 αὐτό
1143 1338 1324 1420 possevino

229 1436 408 1529 τεκμήριον
429 1435 546 1507 ἱκανὸν
568 1439 722 1507 ἔσεσθαί(
745 1463 784 1505 ex
814 1443 914 1507 verbo
945 1437 1111 1528 ,eglescit
1135 1441 1320 1529 penderent,

231 1559 263 1614 et
285 1549 361 1635 quid
383 1549 443 1613 sibi
465 1547 541 1612 velit
562 1547 661 1612 illud:
684 1547 780 1632 ,mihi
802 1547 877 1612 satis
901 1560 977 1631 erat,
1001 1550 1109 1614 verbis
1125 1549 1250 1635 scriptis
1265 1549 1320 1632 uti,

231 1664 263 1721 et
289 1657 345 1721 lucc
376 1656 457 1721 melei
480 1655 688 1720 testimouium
708 1654 855 1720 idoneum
874 1656 1022 1740 futurum
1043 1679 1106 1720 ease
1128 1655 1233 1738 cctt.“,
1259 1676 1320 1738 ego

230 1785 294 1827 non
325 1784 487 1848 assequor.
538 1762 629 1826 aliter
658 1762 755 1846 igitur
787 1762 838 1824 hic
867 1762 956 1826 locus
985 1764 1089 1826 sanari
1124 1784 1219 1849 posse
1247 1763 1325 1854 mihi

231 1870 371 1951 videtur,
404 1871 430 1933 si
452 1891 494 1933 ex
516 1870 656 1956 optativo
681 1858 902 1955 ,,αέ)αγααὶζοι(ι
924 1870 1163 1956 proficiscimur,
1186 1872 1241 1956 qui
1269 1869 1322 1934 de·

231 1975 388 2041 sideratur
409 1987 440 2041 et
461 1998 556 2041 sensu
576 1978 671 2041 totius
694 1977 847 2041 enuntiati
871 1987 902 2041 et
922 1986 1054 2064 propter
1076 1978 1176 2042 verba
1196 1985 1323 2041 antece·

232 2084 361 2148 dentia:
384 2083 433 2169 „cl
455 2084 491 2150 δὲ
512 2075 658 2169 drapum
676 2085 844 2168 γίγνοιντο
866 2075 887 2168 ἢ
908 2083 1077 2170 λέγοιεα“,·
1098 2084 1149 2147 hic
1165 2083 1324 2171 optativus

232 2212 272 2255 ex
292 2191 391 2255 verbo
407 2188 502 2276 ,lvu“
522 2190 651 2276 pendet,
675 2212 773 2277 quare
795 2200 873 2276 puto
888 2190 958 2254 loco
980 2190 1152 2254 verborum
1175 2191 1325 2277 »δίκαιον

232 2295 343 2366 datust
365 2298 566 2362 scribendum
589 2319 659 2362 esse
682 2321 689 2360 ε
714 2291 892 2382 ,ἱκανὸν
914 2297 1018 2384 εἲη“,
1047 2300 1090 2362 ita
1111 2307 1147 2361 ut
1168 2320 1207 2362 ex
1230 2295 1323 2383 ,l'vffl

231 2416 296 2471 tres
319 2407 451 2492 optativi
472 2405 634 2493 pendeant
656 2428 663 2469 :
687 2403 760 2490 ,l'uu
785 2443 818 2452 -
843 2405 991 2490 λέγοιεν“
1017 2443 1064 2486 -,
1086 2404 1175 2492 ,alost
1198 2442 1248 2485 —,
1269 2394 1324 2470 oiu-

232 2508 399 2600 ayxoigost,
423 2535 558 2598 quorum
580 2512 641 2577 duo
664 2513 857 2600 posteriores
887 2513 1034 2577 liberiore
1066 2513 1204 2599 quadam
1226 2521 1324 2577 struc-

232 2632 303 2686 tura
325 2643 397 2686 cum
418 2620 517 2684 verbo
539 2618 633 2705 ᾗῗααιι
655 2620 815 2684 coniuncti
839 2629 931 2698 sunt;
954 2629 1063 2685 nostra
1084 2621 1195 2706 lingue
1217 2641 1225 2682 :
1250 2619 1324 2705 ,da-

232 2730 289 2793 mit
317 2729 363 2793 sie
391 2730 480 2791 nicht
507 2747 708 2813 geawungen
740 2736 864 2811 sagten,
884 2749 950 2791 was
972 2728 1022 2792 ioh
1042 2727 1159 2814 fragte,
1183 2727 1323 2791 sondern

231 2835 281 2899 ich
302 2836 485 2921 begnuegte
506 2835 591 2899 mich
614 2834 720 2916 demit,
750 2835 808 2899 das
830 2835 1114 2920 aufgeschriebcne
1136 2857 1177 2898 zu
1198 2835 1323 2922 fragon,

231 2941 297 3006 und
319 2942 438 3026 gerade
461 2942 518 3005 das
540 2942 631 3006 sollte
652 2941 722 3005 fuer
743 2942 827 3006 mich
848 2942 1062 3028 hiulaenglich
1078 2942 1236 3030 Zeugniss
1258 2943 1325 3006 sein

232 3057 323 3130 celt.;
345 3050 498 3128 wenn'pie
513 3050 589 3114 aber
610 3049 790 3135 leugneten,
814 3049 905 3113 sollte
927 3049 977 3114 die
992 3049 1102 3115 Folter
1117 3049 1161 3114 sie
1178 3049 1325 3134 zwingen

232 3156 339 3239 cett.“;
377 3156 430 3242 qui
459 3157 558 3220 verbe
589 3155 676 3242 ῃεῖηα
707 3166 738 3219 et
769 3145 987 3241 ,dvuyxoigost
1011 3178 1074 3220 non
1097 3157 1263 3241 intellexit,
1298 3158 1326 3220 is

232 3264 325 3328 facile
346 3286 384 3328 ea
405 3274 528 3329 mutare
549 3271 676 3349 poterat
696 3265 728 3327 in
752 3261 883 3349 ,locust
906 3272 937 3328 et
959 3254 1186 3351 ,dvuyxoiges.“

314 3371 340 3435 I.
362 3373 403 3436 20
423 3395 430 3435 r
453 3361 530 3437 ἄνθ’
566 3356 614 3436 ὧν
634 3361 655 3457 ἦ
674 3370 736 3463 ,clm
761 3365 982 3458 διακονήσασα
1013 3367 1079 3456 ἔχει
1107 3364 1149 3458 τὴ
1171 3369 1322 3458 ἐπίχειρα

232 3465 280 3546 ὧν
301 3471 375 3559 ἄξια
396 3469 454 3566 ἦν,
477 3469 576 3545 οὐδὲν
603 3479 694 3545 αἰτία
724 3465 807 3545 οὖσα
834 3481 898 3564 (τῷ
919 3472 981 3565 γὰρ
1003 3479 1194 3566 δημοκοίνῳ
1216 3502 1325 3565 τροχι-

232 3594 350 3656 euacua
364 3580 564 3673 παρεδόθη)
579 3577 599 3672 ἡ
614 3587 642 3651 d'
654 3585 745 3652 αἰτία
759 3576 851 3671 τ’ἥδη
865 3587 922 3650 καὶ
943 3584 1172 3672 ἐνθυμηθεῑσα
1194 3587 1250 3652 καὶ
1262 3607 1327 3670 χει-

232 3689 440 3782 ρουργήσασα
456 3691 529 3774 ἕξει,
550 3688 609 3760 ἐὰν
619 3685 711 3779 ὑμεῖς
721 3696 823 3760 τεκαὶ
835 3692 867 3759 ol
879 3695 957 3760 θεοὶ
971 3693 1126 3760 θέλωσιν.
1149 3715 1207 3780 pro
1221 3693 1327 3758 verbis

234 3793 353 3889 »οὐδὲν
363 3801 473 3868 αἰτία(
487 3801 588 3866 codex
600 3803 629 3866 A
645 3802 776 3888 praebet
788 3825 795 3866 :
809 3791 900 3887 ,odo’
914 3801 951 3867 ἐν
964 3800 1084 3892 αἰτὶᾳα,
1096 3800 1124 3864 Β
1137 3795 1327 3885 depravatus

233 3919 281 3974 est
295 3909 328 3974 in
343 3899 435 3994 ,odo'
448 3907 613 3991 ivuvtlffl,
636 3907 764 3989 Nrecte
776 3911 915 3974 correxit
930 3932 937 3973 :
952 3898 1071 3994 »οὐδὲν
1084 3906 1205 3974 αἰτὶαα.
1228 3907 1328 3972 verba

232 4039 327 4105 porro
350 4022 583 4103 ἣτροχισθεϊσα
603 4011 808 4102 παρεδόθη“,
829 4039 912 4103 quae
934 4038 1029 4081 sensu
1052 4025 1169 4098 carent,
1193 4012 1325 4101 Sauppe

234 4123 433 4189 emendavit:
448 4113 889 4210 ,cpoplodpvotuopeddtlffl
905 4121 1060 4209 (Maetan.
1080 4123 1231 4187 coniecit:
1248 4145 1328 4206 ,uca-

234 4233 417 4324 ραδοθεῑσα
428 4229 652 4319 ἐτροχίσθη“).
668 4241 834 4325 praetcrea
846 4231 965 4300 Reiske
987 4229 1118 4301 offendit
1134 4231 1167 4297 in
1179 4230 1326 4296 coniunc-
