3194 4916
778 425 822 489 23

699 513 896 522 -----

249 618 462 710 »αἰδούμενοι
489 617 553 710 τὴν
581 614 751 706 εὐσέβειαν
780 629 851 691 τῶν
877 624 1133 711 πραχθένταν“,
1156 625 1297 690 similiter
1319 629 1344 692 Ι.

251 734 288 796 13
312 755 319 796 :
343 731 536 816 „amineae
557 726 619 818 τὴν
639 727 823 819 σαφήνειαν
842 738 914 799 τῶν
933 734 1187 820 πραχθένταν.“

328 837 386 903 IV.
395 844 425 921 β.
450 840 467 904 7
487 861 495 902 ε
519 839 612 903 ANB
628 863 635 904 :
651 839 881 919 inclitissimae,
903 839 938 904 Μ
955 863 962 903 :
978 838 1100 918 ἱκανῶς
1114 840 1345 922 ἐπιδέδεικται,

344 995 360 1033 ,‚
395 947 422 1012 δ.
444 947 495 1011 5:
539 996 555 1031 ,‚
622 947 788 1027 εδίκαιος,
905 997 920 1032 „
953 941 1198 1035 εδικαιότερος,

246 1054 338 1119 Blass
376 1054 544 1118 lectionem
585 1055 703 1118 codicis
741 1053 776 1117 M
811 1054 980 1140 praetulit,
1024 1055 1112 1119 euius
1156 1058 1344 1121 sententiam

246 1160 375 1228 Schoell
386 1162 411 1240 ¹)
433 1161 584 1225 refutavit
606 1185 613 1225 :

308 1267 366 1332 VJ„
388 1268 408 1332 9
430 1291 438 1332 ε
460 1267 555 1333 ANB
579 1292 586 1332 :
609 1257 719 1345 οὐδεὶς
739 1262 882 1336 πώποτε
905 1264 977 1347 οἶός
1006 1293 1043 1336 τε
1065 1269 1198 1355 ἐγένετο
1221 1259 1344 1351 αὐτῶν,

461 1375 496 1440 Μ
519 1399 526 1440 :
549 1365 658 1452 οὐδεὶς
678 1369 820 1442 πώποτε
843 1368 967 1463 εὑρέθη
987 1367 1112 1458 αὐτῶν,

247 1481 339 1546 Blass
351 1483 527 1568 suspicatur
536 1483 634 1548 fuisse
644 1506 651 1548 :
663 1473 773 1560 οὐδεὶς
783 1478 925 1550 πώποτε
937 1475 1062 1572 εὑρέθη
1071 1473 1185 1552 αὐτῶν
1193 1473 1264 1554 ariri
1272 1478 1344 1563 οἶός

245 1612 283 1655 τε
304 1587 459 1674 estasim
486 1592 592 1654 neseio
624 1613 717 1673 vero,
750 1613 813 1677 qua
835 1594 957 1655 ratione
989 1593 1103 1657 lacuna
1124 1594 1157 1655 in
1179 1592 1342 1656 codicibus

246 1695 339 1760 ANB
363 1697 544 1779 exertant,
567 1719 641 1761 nam
663 1697 795 1762 verbum
818 1688 981 1786 „eipfflrst
1005 1701 1112 1764 sensui
1135 1709 1200 1764 tam
1233 1709 1340 1786 aptum

246 1804 452 1890 neglegentia
473 1804 609 1890 quadam
632 1805 725 1870 facile
747 1806 883 1893 irrepsit.

329 1906 387 1976 VI.
409 1912 479 1976 46:
507 1911 600 1976 ANB
623 1934 630 1976 :
653 1906 780 1979 τούτου
801 1903 907 1981 αὐτοῦ
930 1910 1044 1994 ἕνεκα,
1075 1912 1108 1976 Μ
1132 1937 1139 1978 :
1161 1908 1287 1980 τούτου
1306 1939 1343 2000 γε

508 2014 614 2099 ἕνεκα,

247 2124 340 2190 Blass
362 2149 370 2188 :
396 2119 522 2191 τούτου
547 2150 584 2211 γε
614 2115 720 2193 αὐτοῦ
750 2123 862 2208 ἕνεκα,
892 2126 947 2193 sed
976 2127 1015 2191 ef.
1038 2125 1167 2193 Schoell
1196 2150 1251 2216 pg.
1273 2130 1344 2212 303,

248 2233 298 2296 eui
320 2235 484 2297 assentior.

328 2341 373 2404 V.
391 2341 433 2405 46
455 2365 462 2405 :
485 2340 578 2405 ANB
602 2364 610 2404 ε
632 2335 915 2426 καταμανθάνειν,
937 2339 1005 2404 M:
1028 2340 1344 2425 καταθεμένους

485 2442 681 2534 μανθάνειν.

329 2553 368 2618 V.
391 2556 462 2620 30:
486 2557 578 2622 ANB
603 2581 610 2620 :
634 2554 754 2641 ἔχοντα
775 2551 866 2643 παρὰ
889 2558 1001 2639 σφίσιν
1021 2545 1147 2636 αὐτοῖς,
1210 2639 1213 2646 ¹

246 2660 282 2725 M
304 2663 335 2725 in
357 2662 416 2728 hae
437 2664 570 2750 regione
591 2664 725 2729 verbum
750 2665 942 2750 „iamaviffl
972 2666 1005 2729 in
1034 2667 1179 2748 margine
1201 2662 1343 2727 additum

246 2770 388 2855 praebet,
411 2771 495 2836 unde
517 2771 543 2836 Z
567 2795 574 2836 :
599 2770 718 2856 ἔχοντα
739 2773 985 2859 παραδαπανᾶν
1006 2774 1098 2854 σφίσι
1119 2793 1201 2851 τον,·

330 2877 388 2942 VI.
412 2879 448 2943 11
474 2901 481 2942 :
506 2877 623 2944 ANB:
646 2871 725 2945 oriae
747 2877 895 2966 ἐνέχυρα,
918 2878 972 2942 M:
995 2870 1066 2945 οὔτ’
1088 2877 1135 2954 εἰς
1156 2877 1294 2964 ἐνέχυρα
1305 2876 1342 2961 ²).

330 2987 475 3050 omnibus
505 2986 603 3067 loeis,
636 2989 691 3072 qui
717 2987 882 3073 hueusque
917 2986 1002 3050 allati
1037 2997 1127 3067 sunt,
1157 2995 1279 3050 tantum
1303 2985 1343 3048 de

248 3094 356 3158 codiee
370 3092 406 3157 M
428 3095 552 3179 agitur,
583 3115 677 3178 quem
701 3093 985 3180 neglegentissime
1008 3093 1159 3177 seriptum
1181 3113 1251 3156 esse
1272 3111 1342 3177 per-

247 3201 353 3266 multis
375 3200 528 3285 exemplis
551 3201 749 3287 comprobari
781 3209 900 3288 potest,
933 3200 1116 3287 saepissime
1144 3198 1282 3262 enimin
1305 3218 1342 3262 eo

248 3309 364 3373 menda
385 3309 467 3372 inter
489 3307 691 3373 scribendum
713 3309 796 3373 faeta
819 3309 927 3373 statim
949 3316 1089 3372 correcta
1110 3315 1194 3371 sunt.
1244 3328 1343 3395 quare

249 3438 359 3480 omnes
380 3416 543 3498 lectiones,
566 3439 645 3502 ques
667 3416 768 3481 codex
782 3415 818 3480 M
831 3417 975 3504 proprias
996 3416 1137 3501 praebet,
1159 3423 1214 3479 aut
1234 3415 1343 3497 negle-

248 3526 358 3610 gentia
380 3534 434 3589 aut
456 3525 638 3589 coniectura
659 3535 749 3592 natas
772 3546 843 3588 esse
875 3523 1077 3587 statuendum
1100 3532 1148 3585 est
1168 3543 1272 3606 neque
1294 3520 1343 3583 his

248 3631 326 3697 loeis
355 3632 561 3720 prohibemur
591 3652 739 3714 censere,
771 3657 791 3717 γ
821 3653 861 3696 ex
889 3630 917 3694 B
950 3630 1142 3716 descriptum
1176 3650 1255 3692 esse.
1309 3636 1342 3691 at

317 3932 338 4000 ¹)
356 3935 390 3984 el.
410 3933 516 3986 Sehoell
532 3949 576 4001 pg.
594 3936 653 3986 303.

317 4024 338 4093 ¹)
357 4028 392 4077 el.
410 4033 547 4094 praeterea
563 4029 584 4078 1.
598 4031 628 4077 21
643 4045 649 4077 :
663 4028 692 4078 M
703 4039 741 4093 pr.
755 4044 761 4077 r
779 4024 907 4095 ἣτυχεῖν
924 4020 1027 4089 ἐλέους,
1045 4024 1074 4074 in
1086 4024 1205 4090 margine
1217 4030 1248 4075 ut
1260 4017 1342 4075 neit:

248 4109 379 4181 ἢαίδαῦς
405 4111 574 4181 τυγχάνειν,
593 4112 636 4178 211.
646 4115 671 4184 β.
690 4113 779 4179 hyp:
803 4113 856 4163 M:
875 4112 927 4181 τὴν
955 4109 1026 4166 ἀπὸ
1051 4106 1157 4173 αἰτίαν,
1186 4116 1246 4160 eett.
1266 4127 1273 4159 ι
1291 4108 1343 4177 τὴν

248 4196 354 4256 αἰτίαν.
