3194 4916
776 488 817 551 42

695 575 892 584 --—--

247 678 471 774 »ἡγησαοθαιίΙ
482 736 492 771 ,
525 690 558 753 in
589 687 698 752 codice
727 687 755 751 Β
778 684 1019 772 ,osso-stota&
1048 685 1082 750 in
1105 685 1340 771 ,σιεισθέυτεςίι

247 805 399 861 mutatum
432 816 502 860 osse
539 794 692 860 videatur.
744 795 836 860 lectio
867 802 974 860 autem
1006 793 1123 858 codicis
1155 793 1187 858 N
1218 793 1341 880 praefe-

246 902 346 967 renda
367 911 423 968 est.

307 1009 370 1074 III.
381 1033 412 1095 γ.
437 1012 476 1076 10
497 1033 506 1073 :
527 1011 558 1073 A
572 1031 620 1096 pr.
635 1009 691 1074 N:
712 1009 813 1076 τοῦδε
834 1013 897 1076 τοῦ
919 997 1094 1089 ἀκουσίως,
1115 1006 1192 1070 BA'
1213 1029 1221 1071 ε
1242 1006 1343 1073 τοῦδε

455 1159 459 1168 ·
534 1121 585 1202 τῷ
605 1106 781 1196 ἀκουσίως,

246 1223 297 1292 hic
317 1223 406 1288 locus
428 1223 570 1289 nondum
592 1223 777 1288 emendatus
794 1231 854 1305 est,
875 1244 949 1286 nam
972 1221 1106 1308 Sauppii
1129 1220 1344 1286 coniecturam

250 1321 346 1413 ,otidis
366 1335 430 1397 τοῦ
449 1320 521 1396 ἀκ.“
544 1353 563 1394 a
584 1330 708 1395 Blaesio
729 1330 815 1394 illam
837 1329 965 1418 quidem
987 1329 1018 1392 in
1041 1337 1161 1394 textum
1184 1336 1343 1415 receptam

247 1439 415 1524 quominus
435 1439 617 1526 probemus,
640 1460 752 1503 sensns
768 1438 881 1502 obstat.
923 1459 998 1500 nam
1029 1458 1099 1499 cum
1128 1443 1220 1522 pater
1249 1435 1345 1499 occisi

246 1545 346 1610 verba
377 1546 571 1630 sequentia:
602 1535 673 1611 ἀλλ’
702 1535 876 1631 ἀμφότερα
905 1547 1011 1610 ταῦτα
1042 1551 1114 1608 cett.
1145 1542 1250 1607 dicere
1279 1563 1344 1606 non

247 1652 361 1738 possit,
393 1653 451 1717 nisi
484 1651 626 1717 condicio
649 1653 807 1739 quaedam
829 1654 1016 1734 antecessit,
1044 1673 1126 1737 qnae
1148 1649 1255 1714 verbis
1276 1670 1345 1713 cor-

248 1759 349 1846 ruptis
372 1759 602 1841 continebatur,
631 1769 662 1824 et
685 1782 756 1825 cum
780 1760 908 1824 omnino
930 1767 1021 1846 pater
1042 1756 1223 1837 contendat,
1245 1757 1345 1820 filium

248 1888 339 1930 suum
371 1869 528 1931 insontem
564 1869 651 1951 esse,
684 1867 759 1932 talia
790 1867 857 1932 fere
891 1866 1140 1932 desiderantur:
1174 1863 1250 1950 ,sed
1270 1864 1345 1928 licet

246 1995 352 2037 meum
374 1996 502 2060 quoque
523 1975 622 2039 filium
655 1975 687 2038 in
717 1975 811 2062 culpa
832 1995 903 2038 esse
924 1974 1107 2058 concedam,
1135 1973 1230 2039 istum
1252 1972 1346 2058 culpa

247 2102 311 2144 non
334 2081 511 2160 absolvam,
543 2081 599 2145 sed
631 2082 757 2168 utrique
784 2082 868 2145 banc
896 2083 1020 2168 culpam
1053 2101 1252 2146 communem
1275 2100 1345 2142 esse

250 2186 503 2252 demonstrabo.“
547 2188 650 2270 Illo.
672 2189 692 2253 9
714 2199 820 2254 autem
841 2199 932 2277 pater
955 2190 1001 2256 rei
1023 2189 1147 2254 dixerat
1169 2211 1176 2253 :
1199 2179 1286 2274 ,iaco
1308 2187 1345 2253 δὲ

247 2299 305 2382 τῆς
326 2284 433 2362 αὐτοῦ
453 2300 516 2362 τοῦ
536 2301 728 2385 τεθυεῶυος
756 2287 917 2383 ἁμαρτίας
949 2288 1005 2363 ὅδε
1030 2286 1233 2376 ἀπολύεται,
1264 2295 1345 2382 μηδὲ

248 2393 412 2480 ἀκουσίως
443 2392 641 2469 ἀποκτεῖναι
672 2392 795 2469 οεάτόυα
820 2413 901 2485 cett,
936 2426 1033 2491 quare
1066 2413 1175 2466 nostro
1207 2403 1275 2466 loco
1304 2401 1345 2466 ad

248 2532 375 2576 sensnm
406 2512 551 2598 proxime
582 2511 736 2576 accedere
767 2522 843 2598 puto
876 2523 931 2575 ant
953 2534 960 2575 :
984 2501 1050 2596 ,atq
1082 2511 1118 2576 δὲ
1150 2499 1229 2576 οὐδὲ
1260 2500 1344 2575 ὑπὸ

248 2621 322 2702 τῆς
356 2619 485 2684 τοῦδε
517 2609 727 2704 ἁμαρτίας
762 2623 826 2684 τοῦ
855 2608 1020 2695 ἀκουσίως
1054 2607 1269 2698 ἀποκτείναι,
1311 2615 1347 2696 ἐξ

249 2709 298 2789 obv
337 2714 434 2790 αὐτοὶ
476 2725 644 2810 λέγουσιν,
690 2714 889 2806 ἀπολύεται,
928 2716 1013 2792 ἀλλὰ
1044 2719 1141 2791 κοινὰ
1172 2715 1345 2809 ἀμφότερα

247 2835 354 2896 ταῦτα
397 2820 524 2916 ἀμφοῖν
558 2821 677 2897 αὐτοῖν
708 2831 793 2912 ἐστι,
838 2827 1012 2921 δηλώσωίί,
1055 2835 1098 2896 ita
1138 2842 1174 2898 ut
1213 2830 1344 2895 verbum

250 2929 355 3024 ,baffi
377 2940 588 3022 inserendum,
611 2939 743 3003 verbum
768 2939 905 3023 ,coorie“
925 2949 999 3005 ante
1022 2931 1221 3025 »ἀμαρτίοεςίι
1245 2947 1344 3002 trans·

247 3045 429 3133 ponendum
443 3046 493 3128 sit,
516 3068 589 3111 nam
607 3046 667 3110 hoc
681 3047 824 3129 verbum,
846 3047 872 3110 si
888 3048 1140 3133 suprascriptum
1154 3055 1232 3125 erat,
1253 3044 1345 3109 facile

248 3153 280 3213 in
302 3152 412 3216 falsam
436 3153 544 3217 sedem
566 3154 677 3217 venire
698 3155 811 3239 potuit,
828 3162 889 3218 ,aut
904 3177 911 3217 :
929 3145 994 3239 „oie
1016 3153 1052 3220 δὲ
1075 3144 1153 3220 οὐδὲ
1173 3157 1231 3239 τῆς
1245 3143 1346 3239 ἆμαρ-

248 3261 322 3335 τίας
342 3260 442 3325 τοῦδε
464 3260 497 3343 (i.
521 3283 547 3324 e.
570 3259 626 3323 filii
646 3260 723 3341 mei)
746 3251 897 3346 οὔσης,
919 3265 982 3326 τοῦ
1004 3249 1169 3337 ἀκουσίως
1191 3250 1345 3326 ἀποκτεί-

248 3388 304 3431 υαι
318 3376 412 3430 cett..
440 3418 446 3432 .
470 3418 477 3433 .
501 3419 508 3432 .
531 3356 717 3434 ἀπολύεται
738 3379 813 3432 cett.
838 3391 845 3432 :
869 3391 961 3454 ,eum
989 3391 1031 3434 ne
1054 3379 1120 3434 tum
1142 3367 1288 3455 quidem,
1318 3369 1344 3430 si

248 3471 331 3536 filius
352 3495 441 3538 meus
464 3475 557 3560 culpa
578 3484 720 3556 tenetur,
752 3477 883 3541 crimine
916 3476 1021 3541 caedis
1052 3498 1116 3540 non
1138 3475 1344 3557 voluntariae,

250 3579 335 3644 unde
356 3581 400 3644 illi
422 3581 541 3665 dicunt,
564 3582 696 3664 absolvi,
719 3583 794 3648 sed“
818 3591 908 3668 cett,
931 3583 971 3646 cf.
993 3582 1055 3647 HI.
1065 3587 1095 3664 β.
1110 3583 1140 3665 6,
1155 3584 1184 3665 8,
1207 3582 1270 3647 oo
1290 3580 1345 3646 ubi

250 3687 384 3752 verbum
407 3679 589 3774 »ἀμαρτίαίί
613 3690 704 3753 simili
725 3692 849 3754 ratione
871 3713 942 3755 cum
964 3691 1113 3775 genetivo
1135 3689 1345 3774 coniungitur.

250 3803 346 3881 etque
366 3816 406 3860 ne
428 3795 498 3881 quis
520 3795 662 3862 offendat
682 3797 714 3860 in
735 3797 833 3861 verbo
856 3797 994 3882 »τοῦδείι
1022 3820 1080 3883 per
1111 3806 1235 3883 patrem
1256 3816 1344 3858 usur·

249 3912 324 3989 pato
347 3901 387 3966 de
408 3902 482 3984 filio,
505 3904 544 3966 cf.
567 3907 586 3985 5
608 3904 640 3985 9,
661 3903 714 3967 ubi
735 3914 850 3990 pater:
870 3897 958 3989 »ἐγώ
978 3903 1014 3969 δὲ
1035 3905 1134 3970 coicis
1157 3904 1191 3988 (i.
1207 3924 1234 3966 e.
1249 3925 1344 3988 quam

249 4009 332 4074 filius
354 4010 458 4092 meus)
470 4011 608 4095 ’μᾶλλον
628 3998 858 4096 ἀυαμαρτητὸς
880 4001 957 4075 ἀυ.“

332 4115 390 4181 IV.
403 4118 430 4182 o.
452 4117 473 4181 2
495 4139 503 4180 τ
526 4118 557 4181 A
578 4140 625 4204 pr.
645 4117 678 4182 N
700 4140 708 4180 :
728 4122 800 4183 τῶν
819 4119 917 4197 νεῶν,
977 4117 1052 4182 ΒΑ8
1074 4142 1082 4182 :
1103 4109 1166 4184 τὸν
1185 4116 1274 4196 νέου,

347 4271 363 4310 „
409 4271 425 4310 „
455 4225 505 4289 9:
539 4270 555 4309 „
591 4273 607 4307 ,
653 4272 668 4304 „
705 4217 862 4304 εδίκαιός
883 4222 962 4306 ἐστι,
1016 4272 1031 4309 ,,
1076 4217 1236 4292 εδίκαιόν
1266 4220 1345 4302 ἐστι,
