<?xml version="1.0" encoding="UTF-8"?>
<!DOCTYPE html PUBLIC "-//W3C//DTD XHTML 1.0 Transitional//EN"
    "http://www.w3.org/TR/xhtml1/DTD/xhtml1-transitional.dtd">
<html xmlns="http://www.w3.org/1999/xhtml" xml:lang="en" lang="en">
 <head>
  <title>
</title>
<meta http-equiv="Content-Type" content="text/html;charset=utf-8" />
  <meta name='ocr-system' content='tesseract 3.04.00' />
  <meta name='ocr-capabilities' content='ocr_page ocr_carea ocr_par ocr_line ocrx_word'/>
</head>
<body>
  <div class='ocr_page' id='page_1' title='image "./exercitationesc00reutgoog_0012.png"; bbox 0 0 3194 4916; ppageno 0'>
   <div class='ocr_carea' id='block_1_1' title="bbox 263 1647 1367 3553">
    <p class='ocr_par' dir='ltr' id='par_1_1' title="bbox 263 1647 1367 3553">
     <span class='ocr_line' id='line_1_1' title="bbox 353 1647 1366 1739; baseline 0.007 -28"><span class='ocrx_word' id='word_1_1' title='bbox 353 1647 440 1712; x_wconf 85' lang='lat' dir='ltr'><strong>Inter</strong></span> <span class='ocrx_word' id='word_1_2' title='bbox 462 1671 517 1712; x_wconf 91' lang='lat' dir='ltr'>eos</span> <span class='ocrx_word' id='word_1_3' title='bbox 539 1649 680 1730; x_wconf 87' lang='lat' dir='ltr'>codices,</span> <span class='ocrx_word' id='word_1_4' title='bbox 712 1651 828 1736; x_wconf 91' lang='lat' dir='ltr'>quibus</span> <span class='ocrx_word' id='word_1_5' title='bbox 856 1653 1065 1739; x_wconf 86' lang='lat' dir='ltr'>Antiphontis</span> <span class='ocrx_word' id='word_1_6' title='bbox 1094 1655 1252 1719; x_wconf 85' lang='lat' dir='ltr'>orationes</span> <span class='ocrx_word' id='word_1_7' title='bbox 1274 1655 1366 1719; x_wconf 88' lang='lat' dir='ltr'>nobis</span> 
     </span>
     <span class='ocr_line' id='line_1_2' title="bbox 270 1756 1367 1845; baseline 0.007 -29"><span class='ocrx_word' id='word_1_8' title='bbox 270 1763 416 1818; x_wconf 88' lang='lat' dir='ltr'>servatae</span> <span class='ocrx_word' id='word_1_9' title='bbox 438 1764 519 1834; x_wconf 85' lang='lat' dir='ltr'>sunt,</span> <span class='ocrx_word' id='word_1_10' title='bbox 549 1757 693 1841; x_wconf 78' lang='lat' dir='ltr'>inprimis</span> <span class='ocrx_word' id='word_1_11' title='bbox 715 1756 816 1820; x_wconf 83' lang='lat' dir='ltr'>codex</span> <span class='ocrx_word' id='word_1_12' title='bbox 832 1756 1025 1824; x_wconf 87' lang='lat' dir='ltr'>Oxoniensis</span> <span class='ocrx_word' id='word_1_13' title='bbox 1040 1759 1081 1842; x_wconf 83' lang='lat' dir='ltr'>N,</span> <span class='ocrx_word' id='word_1_14' title='bbox 1104 1782 1145 1824; x_wconf 90' lang='lat' dir='ltr'>ex</span> <span class='ocrx_word' id='word_1_15' title='bbox 1166 1782 1230 1845; x_wconf 91' lang='lat' dir='ltr'>quo</span> <span class='ocrx_word' id='word_1_16' title='bbox 1248 1761 1367 1826; x_wconf 77' lang='lat' dir='ltr'>Macta-</span> 
     </span>
     <span class='ocr_line' id='line_1_3' title="bbox 269 1863 1367 1949; baseline 0.009 -27"><span class='ocrx_word' id='word_1_17' title='bbox 269 1882 327 1923; x_wconf 86' lang='lat' dir='ltr'>ner</span> <span class='ocrx_word' id='word_1_18' title='bbox 349 1883 420 1924; x_wconf 91' lang='lat' dir='ltr'>enm</span> <span class='ocrx_word' id='word_1_19' title='bbox 442 1863 475 1924; x_wconf 93' lang='lat' dir='ltr'>in</span> <span class='ocrx_word' id='word_1_20' title='bbox 497 1863 600 1926; x_wconf 89' lang='lat' dir='ltr'>lucem</span> <span class='ocrx_word' id='word_1_21' title='bbox 621 1863 752 1948; x_wconf 85' lang='lat' dir='ltr'>protulit</span> <span class='ocrx_word' id='word_1_22' title='bbox 773 1873 870 1949; x_wconf 86' lang='lat' dir='ltr'>atquo</span> <span class='ocrx_word' id='word_1_23' title='bbox 893 1866 960 1929; x_wconf 92' lang='lat' dir='ltr'>eius</span> <span class='ocrx_word' id='word_1_24' title='bbox 983 1868 1206 1930; x_wconf 85' lang='lat' dir='ltr'>auctoritatem</span> <span class='ocrx_word' id='word_1_25' title='bbox 1220 1869 1252 1931; x_wconf 92' lang='lat' dir='ltr'>in</span> <span class='ocrx_word' id='word_1_26' title='bbox 1275 1877 1367 1932; x_wconf 88' lang='lat' dir='ltr'>textu</span> 
     </span>
     <span class='ocr_line' id='line_1_4' title="bbox 269 1969 1366 2055; baseline 0.007 -25"><span class='ocrx_word' id='word_1_27' title='bbox 269 1969 489 2032; x_wconf 85' lang='lat' dir='ltr'>constituendo</span> <span class='ocrx_word' id='word_1_28' title='bbox 510 1971 649 2034; x_wconf 86' lang='lat' dir='ltr'>maxime</span> <span class='ocrx_word' id='word_1_29' title='bbox 671 1980 798 2034; x_wconf 89' lang='lat' dir='ltr'>secutus</span> <span class='ocrx_word' id='word_1_30' title='bbox 820 1980 878 2055; x_wconf 86' lang='lat' dir='ltr'>ost,</span> <span class='ocrx_word' id='word_1_31' title='bbox 901 1973 1023 2036; x_wconf 87' lang='lat' dir='ltr'>animos</span> <span class='ocrx_word' id='word_1_32' title='bbox 1039 1974 1178 2038; x_wconf 89' lang='lat' dir='ltr'>virorum</span> <span class='ocrx_word' id='word_1_33' title='bbox 1201 1973 1366 2038; x_wconf 89' lang='lat' dir='ltr'>doctorum</span> 
     </span>
     <span class='ocr_line' id='line_1_5' title="bbox 268 2072 1366 2167; baseline 0.009 -31"><span class='ocrx_word' id='word_1_34' title='bbox 268 2075 357 2138; x_wconf 88' lang='lat' dir='ltr'>inse</span> <span class='ocrx_word' id='word_1_35' title='bbox 389 2077 555 2140; x_wconf 89' lang='lat' dir='ltr'>convertit.</span> <span class='ocrx_word' id='word_1_36' title='bbox 608 2099 645 2140; x_wconf 90' lang='lat' dir='ltr'>ac</span> <span class='ocrx_word' id='word_1_37' title='bbox 673 2079 793 2163; x_wconf 85' lang='lat' dir='ltr'>primus</span> <span class='ocrx_word' id='word_1_38' title='bbox 823 2079 952 2163; x_wconf 90' lang='lat' dir='ltr'>quidem</span> <span class='ocrx_word' id='word_1_39' title='bbox 973 2072 1180 2145; x_wconf 70' lang='lat' dir='ltr'>Heumannus</span> <span class='ocrx_word' id='word_1_40' title='bbox 1201 2081 1332 2167; x_wconf 78' lang='lat' dir='ltr'>Sauppe</span> <span class='ocrx_word' id='word_1_41' title='bbox 1342 2083 1366 2164; x_wconf 81' lang='lat'>¹)</span> 
     </span>
     <span class='ocr_line' id='line_1_6' title="bbox 267 2181 1366 2278; baseline 0.007 -34"><span class='ocrx_word' id='word_1_42' title='bbox 267 2181 516 2246; x_wconf 87' lang='lat' dir='ltr'>luculentissime</span> <span class='ocrx_word' id='word_1_43' title='bbox 539 2183 655 2263; x_wconf 87' lang='lat' dir='ltr'>docuit,</span> <span class='ocrx_word' id='word_1_44' title='bbox 682 2183 767 2247; x_wconf 90' lang='lat' dir='ltr'>hunc</span> <span class='ocrx_word' id='word_1_45' title='bbox 781 2185 922 2248; x_wconf 85' lang='lat' dir='ltr'>codicem</span> <span class='ocrx_word' id='word_1_46' title='bbox 937 2209 977 2250; x_wconf 91' lang='lat' dir='ltr'>ex</span> <span class='ocrx_word' id='word_1_47' title='bbox 1000 2187 1114 2251; x_wconf 90' lang='lat' dir='ltr'>eodem</span> <span class='ocrx_word' id='word_1_48' title='bbox 1134 2186 1223 2251; x_wconf 88' lang='lat' dir='ltr'>fonte</span> <span class='ocrx_word' id='word_1_49' title='bbox 1249 2187 1366 2278; x_wconf 84' lang='lat' dir='ltr'>descri-</span> 
     </span>
     <span class='ocr_line' id='line_1_7' title="bbox 268 2287 1366 2379; baseline 0.007 -29"><span class='ocrx_word' id='word_1_50' title='bbox 268 2297 359 2372; x_wconf 91' lang='lat' dir='ltr'>ptum</span> <span class='ocrx_word' id='word_1_51' title='bbox 380 2310 462 2371; x_wconf 86' lang='lat' dir='ltr'>esse,</span> <span class='ocrx_word' id='word_1_52' title='bbox 484 2291 569 2352; x_wconf 88' lang='lat' dir='ltr'>unde</span> <span class='ocrx_word' id='word_1_53' title='bbox 592 2287 801 2377; x_wconf 86' lang='lat' dir='ltr'>Orippsianus</span> <span class='ocrx_word' id='word_1_54' title='bbox 822 2293 855 2356; x_wconf 93' lang='lat' dir='ltr'><strong>A</strong></span> <span class='ocrx_word' id='word_1_55' title='bbox 875 2291 1012 2376; x_wconf 85' lang='lat' dir='ltr'>fluxerit,</span> <span class='ocrx_word' id='word_1_56' title='bbox 1034 2293 1201 2379; x_wconf 89' lang='lat' dir='ltr'>permultis</span> <span class='ocrx_word' id='word_1_57' title='bbox 1223 2315 1299 2358; x_wconf 85' lang='lat' dir='ltr'>sana</span> <span class='ocrx_word' id='word_1_58' title='bbox 1320 2295 1366 2358; x_wconf 91' lang='lat' dir='ltr'>in-</span> 
     </span>
     <span class='ocr_line' id='line_1_8' title="bbox 267 2397 1367 2484; baseline 0.005 -24"><span class='ocrx_word' id='word_1_59' title='bbox 267 2397 525 2480; x_wconf 84' lang='lat' dir='ltr'>terpolationibus</span> <span class='ocrx_word' id='word_1_60' title='bbox 557 2398 718 2462; x_wconf 83' lang='lat' dir='ltr'>refertum.</span> <span class='ocrx_word' id='word_1_61' title='bbox 763 2409 931 2484; x_wconf 85' lang='lat' dir='ltr'>postquam</span> <span class='ocrx_word' id='word_1_62' title='bbox 954 2409 1061 2464; x_wconf 88' lang='lat' dir='ltr'>autem</span> <span class='ocrx_word' id='word_1_63' title='bbox 1094 2399 1185 2464; x_wconf 90' lang='lat' dir='ltr'>Blass</span> <span class='ocrx_word' id='word_1_64' title='bbox 1217 2401 1248 2464; x_wconf 92' lang='lat' dir='ltr'>in</span> <span class='ocrx_word' id='word_1_65' title='bbox 1280 2423 1367 2465; x_wconf 88' lang='lat' dir='ltr'>nova</span> 
     </span>
     <span class='ocr_line' id='line_1_9' title="bbox 269 2503 1365 2590; baseline 0.004 -24"><span class='ocrx_word' id='word_1_66' title='bbox 269 2503 410 2567; x_wconf 84' lang='lat' dir='ltr'><strong>editione</strong></span> <span class='ocrx_word' id='word_1_67' title='bbox 426 2504 633 2590; x_wconf 85' lang='lat' dir='ltr'>Antiphontis</span> <span class='ocrx_word' id='word_1_68' title='bbox 655 2505 830 2569; x_wconf 88' lang='lat' dir='ltr'>orationum</span> <span class='ocrx_word' id='word_1_69' title='bbox 846 2505 1048 2570; x_wconf 85' lang='lat' dir='ltr'>nihilominus</span> <span class='ocrx_word' id='word_1_70' title='bbox 1071 2506 1179 2570; x_wconf 88' lang='lat' dir='ltr'>codice</span> <span class='ocrx_word' id='word_1_71' title='bbox 1193 2505 1225 2570; x_wconf 88' lang='lat' dir='ltr'>N</span> <span class='ocrx_word' id='word_1_72' title='bbox 1242 2513 1365 2571; x_wconf 83' lang='lat' dir='ltr'>summo</span> 
     </span>
     <span class='ocr_line' id='line_1_10' title="bbox 267 2611 1363 2698; baseline 0.004 -24"><span class='ocrx_word' id='word_1_73' title='bbox 267 2611 307 2674; x_wconf 88' lang='lat' dir='ltr'>ad</span> <span class='ocrx_word' id='word_1_74' title='bbox 328 2619 452 2676; x_wconf 87' lang='lat' dir='ltr'>textum</span> <span class='ocrx_word' id='word_1_75' title='bbox 475 2611 733 2676; x_wconf 87' lang='lat' dir='ltr'>constituendum</span> <span class='ocrx_word' id='word_1_76' title='bbox 757 2611 940 2677; x_wconf 90' lang='lat' dir='ltr'>adiumento</span> <span class='ocrx_word' id='word_1_77' title='bbox 962 2635 1038 2676; x_wconf 90' lang='lat' dir='ltr'>usus</span> <span class='ocrx_word' id='word_1_78' title='bbox 1060 2623 1118 2697; x_wconf 88' lang='lat' dir='ltr'>est,</span> <span class='ocrx_word' id='word_1_79' title='bbox 1141 2613 1261 2678; x_wconf 89' lang='lat' dir='ltr'>exstitit</span> <span class='ocrx_word' id='word_1_80' title='bbox 1274 2613 1363 2698; x_wconf 84' lang='lat' dir='ltr'>Hug,</span> 
     </span>
     <span class='ocr_line' id='line_1_11' title="bbox 267 2719 1364 2806; baseline 0.004 -26"><span class='ocrx_word' id='word_1_81' title='bbox 267 2719 321 2803; x_wconf 91' lang='lat' dir='ltr'>qni</span> <span class='ocrx_word' id='word_1_82' title='bbox 342 2741 458 2781; x_wconf 92' lang='lat' dir='ltr'>novum</span> <span class='ocrx_word' id='word_1_83' title='bbox 483 2727 706 2804; x_wconf 78' lang='lat' dir='ltr'>argumentum</span> <span class='ocrx_word' id='word_1_84' title='bbox 728 2720 768 2783; x_wconf 89' lang='lat' dir='ltr'>ad</span> <span class='ocrx_word' id='word_1_85' title='bbox 789 2719 872 2784; x_wconf 91' lang='lat' dir='ltr'>hanc</span> <span class='ocrx_word' id='word_1_86' title='bbox 886 2723 1106 2806; x_wconf 88' lang='lat' dir='ltr'>quaestionem</span> <span class='ocrx_word' id='word_1_87' title='bbox 1121 2720 1364 2784; x_wconf 87' lang='lat' dir='ltr'>discernendam</span> 
     </span>
     <span class='ocr_line' id='line_1_12' title="bbox 266 2823 1361 2913; baseline 0.003 -24"><span class='ocrx_word' id='word_1_88' title='bbox 266 2823 372 2889; x_wconf 89' lang='lat' dir='ltr'>attulit</span> <span class='ocrx_word' id='word_1_89' title='bbox 381 2825 418 2907; x_wconf 70' lang='grc'>2),</span> <span class='ocrx_word' id='word_1_90' title='bbox 441 2847 512 2888; x_wconf 92' lang='lat' dir='ltr'>cum</span> <span class='ocrx_word' id='word_1_91' title='bbox 534 2827 671 2911; x_wconf 90' lang='lat' dir='ltr'>pretium</span> <span class='ocrx_word' id='word_1_92' title='bbox 693 2824 810 2890; x_wconf 87' lang='lat' dir='ltr'>codicis</span> <span class='ocrx_word' id='word_1_93' title='bbox 832 2826 863 2891; x_wconf 91' lang='lat' dir='ltr'>N</span> <span class='ocrx_word' id='word_1_94' title='bbox 887 2849 927 2892; x_wconf 88' lang='lat' dir='ltr'>cx</span> <span class='ocrx_word' id='word_1_95' title='bbox 950 2828 1141 2906; x_wconf 78' lang='lat' dir='ltr'>sanatione,</span> <span class='ocrx_word' id='word_1_96' title='bbox 1164 2849 1229 2913; x_wconf 88' lang='lat' dir='ltr'>qua</span> <span class='ocrx_word' id='word_1_97' title='bbox 1250 2849 1361 2892; x_wconf 91' lang='lat' dir='ltr'>omnes</span> 
     </span>
     <span class='ocr_line' id='line_1_13' title="bbox 267 2931 1359 3019; baseline 0.004 -25"><span class='ocrx_word' id='word_1_98' title='bbox 267 2931 391 2995; x_wconf 89' lang='lat' dir='ltr'>codices</span> <span class='ocrx_word' id='word_1_99' title='bbox 421 2933 504 2996; x_wconf 86' lang='lat' dir='ltr'>inter</span> <span class='ocrx_word' id='word_1_100' title='bbox 534 2955 575 3018; x_wconf 48' lang='lat' dir='ltr'>se,</span> <span class='ocrx_word' id='word_1_101' title='bbox 599 2934 759 2998; x_wconf 89' lang='lat' dir='ltr'>coniuncti</span> <span class='ocrx_word' id='word_1_102' title='bbox 782 2944 898 3016; x_wconf 83' lang='lat' dir='ltr'>essent,</span> <span class='ocrx_word' id='word_1_103' title='bbox 920 2933 1062 3019; x_wconf 84' lang='lat' dir='ltr'>pendero</span> <span class='ocrx_word' id='word_1_104' title='bbox 1084 2943 1172 2998; x_wconf 88' lang='lat' dir='ltr'>recte</span> <span class='ocrx_word' id='word_1_105' title='bbox 1192 2935 1359 2999; x_wconf 85' lang='lat' dir='ltr'>iudicarat.</span> 
     </span>
     <span class='ocr_line' id='line_1_14' title="bbox 266 3039 1361 3126; baseline 0.003 -25"><span class='ocrx_word' id='word_1_106' title='bbox 266 3061 340 3102; x_wconf 89' lang='lat' dir='ltr'>nam</span> <span class='ocrx_word' id='word_1_107' title='bbox 371 3061 442 3102; x_wconf 87' lang='lat' dir='ltr'>oum</span> <span class='ocrx_word' id='word_1_108' title='bbox 473 3039 598 3103; x_wconf 88' lang='lat' dir='ltr'>codices</span> <span class='ocrx_word' id='word_1_109' title='bbox 621 3041 654 3104; x_wconf 93' lang='lat' dir='ltr'><strong>A</strong></span> <span class='ocrx_word' id='word_1_110' title='bbox 683 3050 715 3104; x_wconf 87' lang='lat' dir='ltr'>ct</span> <span class='ocrx_word' id='word_1_111' title='bbox 742 3039 776 3104; x_wconf 88' lang='lat' dir='ltr'>N</span> <span class='ocrx_word' id='word_1_112' title='bbox 806 3063 847 3104; x_wconf 88' lang='lat' dir='ltr'>ex</span> <span class='ocrx_word' id='word_1_113' title='bbox 873 3062 937 3103; x_wconf 91' lang='lat' dir='ltr'>uno</span> <span class='ocrx_word' id='word_1_114' title='bbox 970 3040 1147 3126; x_wconf 84' lang='lat' dir='ltr'>codemque</span> <span class='ocrx_word' id='word_1_115' title='bbox 1166 3041 1256 3106; x_wconf 84' lang='lat' dir='ltr'>fonto</span> <span class='ocrx_word' id='word_1_116' title='bbox 1280 3042 1361 3106; x_wconf 89' lang='lat' dir='ltr'>deri-</span> 
     </span>
     <span class='ocr_line' id='line_1_15' title="bbox 265 3147 1362 3232; baseline 0.004 -24"><span class='ocrx_word' id='word_1_117' title='bbox 265 3155 356 3210; x_wconf 90' lang='lat' dir='ltr'>vatos</span> <span class='ocrx_word' id='word_1_118' title='bbox 388 3168 457 3210; x_wconf 90' lang='lat' dir='ltr'>esse</span> <span class='ocrx_word' id='word_1_119' title='bbox 490 3155 521 3209; x_wconf 92' lang='lat' dir='ltr'>et</span> <span class='ocrx_word' id='word_1_120' title='bbox 549 3147 681 3232; x_wconf 82' lang='lat' dir='ltr'>Sauppe</span> <span class='ocrx_word' id='word_1_121' title='bbox 704 3156 735 3210; x_wconf 86' lang='lat' dir='ltr'>et</span> <span class='ocrx_word' id='word_1_122' title='bbox 757 3147 887 3230; x_wconf 66' lang='lat' dir='ltr'>Blassss)</span> <span class='ocrx_word' id='word_1_123' title='bbox 910 3169 995 3211; x_wconf 90' lang='lat' dir='ltr'>nunc</span> <span class='ocrx_word' id='word_1_124' title='bbox 1016 3149 1215 3212; x_wconf 82' lang='lat' dir='ltr'>consentiant</span> <span class='ocrx_word' id='word_1_125' title='bbox 1236 3158 1362 3213; x_wconf 88' lang='lat' dir='ltr'>etcum</span> 
     </span>
     <span class='ocr_line' id='line_1_16' title="bbox 265 3251 1358 3340; baseline 0.005 -26"><span class='ocrx_word' id='word_1_126' title='bbox 265 3252 344 3316; x_wconf 87' lang='lat' dir='ltr'>haec</span> <span class='ocrx_word' id='word_1_127' title='bbox 366 3253 521 3316; x_wconf 88' lang='lat' dir='ltr'>sententia</span> <span class='ocrx_word' id='word_1_128' title='bbox 541 3254 633 3316; x_wconf 88' lang='lat' dir='ltr'>novis</span> <span class='ocrx_word' id='word_1_129' title='bbox 655 3251 836 3339; x_wconf 83' lang='lat' dir='ltr'>Orippsiani</span> <span class='ocrx_word' id='word_1_130' title='bbox 859 3254 1078 3318; x_wconf 80' lang='lat' dir='ltr'>collationibus</span> <span class='ocrx_word' id='word_1_131' title='bbox 1093 3276 1151 3340; x_wconf 90' lang='lat' dir='ltr'>per</span> <span class='ocrx_word' id='word_1_132' title='bbox 1166 3255 1358 3336; x_wconf 73' lang='lat' dir='ltr'>Blassium4)</span> 
     </span>
     <span class='ocr_line' id='line_1_17' title="bbox 265 3356 1358 3448; baseline 0.004 -26"><span class='ocrx_word' id='word_1_133' title='bbox 265 3368 296 3422; x_wconf 92' lang='lat' dir='ltr'>et</span> <span class='ocrx_word' id='word_1_134' title='bbox 311 3356 494 3444; x_wconf 79' lang='lat' dir='ltr'>Siggium⁵)</span> <span class='ocrx_word' id='word_1_135' title='bbox 518 3358 610 3423; x_wconf 88' lang='lat' dir='ltr'>factis</span> <span class='ocrx_word' id='word_1_136' title='bbox 632 3361 734 3442; x_wconf 83' lang='lat' dir='ltr'>magis</span> <span class='ocrx_word' id='word_1_137' title='bbox 750 3362 917 3446; x_wconf 83' lang='lat' dir='ltr'>magisque</span> <span class='ocrx_word' id='word_1_138' title='bbox 932 3361 1117 3426; x_wconf 83' lang='lat' dir='ltr'>confirmata</span> <span class='ocrx_word' id='word_1_139' title='bbox 1132 3363 1180 3445; x_wconf 88' lang='lat' dir='ltr'>sit,</span> <span class='ocrx_word' id='word_1_140' title='bbox 1203 3361 1358 3448; x_wconf 81' lang='lat' dir='ltr'>plurimae</span> 
     </span>
     <span class='ocr_line' id='line_1_18' title="bbox 263 3465 1357 3553; baseline 0.004 -25"><span class='ocrx_word' id='word_1_141' title='bbox 263 3465 435 3550; x_wconf 87' lang='lat' dir='ltr'>lectiones,</span> <span class='ocrx_word' id='word_1_142' title='bbox 463 3488 543 3551; x_wconf 88' lang='lat' dir='ltr'>quas</span> <span class='ocrx_word' id='word_1_143' title='bbox 564 3466 596 3531; x_wconf 87' lang='lat' dir='ltr'>N</span> <span class='ocrx_word' id='word_1_144' title='bbox 618 3467 763 3552; x_wconf 81' lang='lat' dir='ltr'>proprias</span> <span class='ocrx_word' id='word_1_145' title='bbox 784 3467 937 3552; x_wconf 84' lang='lat' dir='ltr'>praebet,</span> <span class='ocrx_word' id='word_1_146' title='bbox 957 3468 1101 3552; x_wconf 89' lang='lat' dir='ltr'>inprimis</span> <span class='ocrx_word' id='word_1_147' title='bbox 1122 3489 1205 3553; x_wconf 89' lang='lat' dir='ltr'>quae</span> <span class='ocrx_word' id='word_1_148' title='bbox 1227 3470 1267 3532; x_wconf 88' lang='lat' dir='ltr'>ad</span> <span class='ocrx_word' id='word_1_149' title='bbox 1288 3491 1357 3534; x_wconf 86' lang='lat' dir='ltr'>ver-</span> 
     </span>
    </p>
   </div>
   <div class='ocr_carea' id='block_1_2' title="bbox 263 3768 1357 3922">
    <p class='ocr_par' dir='ltr' id='par_1_2' title="bbox 263 3768 1357 3922">
     <span class='ocr_line' id='line_1_19' title="bbox 333 3768 1357 3836; baseline 0.002 -16"><span class='ocrx_word' id='word_1_150' title='bbox 333 3768 352 3836; x_wconf 93' lang='lat'>¹)</span> <span class='ocrx_word' id='word_1_151' title='bbox 370 3771 399 3820; x_wconf 91' lang='lat' dir='ltr'>in</span> <span class='ocrx_word' id='word_1_152' title='bbox 425 3769 540 3836; x_wconf 83' lang='lat' dir='ltr'>epistula</span> <span class='ocrx_word' id='word_1_153' title='bbox 566 3770 660 3820; x_wconf 87' lang='lat' dir='ltr'>critica</span> <span class='ocrx_word' id='word_1_154' title='bbox 686 3770 720 3820; x_wconf 88' lang='lat' dir='ltr'>ad</span> <span class='ocrx_word' id='word_1_155' title='bbox 747 3770 854 3822; x_wconf 78' lang='lat' dir='ltr'>Godofr.</span> <span class='ocrx_word' id='word_1_156' title='bbox 872 3771 962 3820; x_wconf 85' lang='lat' dir='ltr'>Herm.</span> <span class='ocrx_word' id='word_1_157' title='bbox 990 3786 1033 3836; x_wconf 83' lang='lat' dir='ltr'>pg.</span> <span class='ocrx_word' id='word_1_158' title='bbox 1052 3772 1154 3821; x_wconf 76' lang='lat'><strong>27-30</strong></span> <span class='ocrx_word' id='word_1_159' title='bbox 1182 3775 1209 3820; x_wconf 84' lang='lat' dir='ltr'>ot</span> <span class='ocrx_word' id='word_1_160' title='bbox 1230 3770 1259 3821; x_wconf 89' lang='lat' dir='ltr'>in</span> <span class='ocrx_word' id='word_1_161' title='bbox 1277 3787 1357 3836; x_wconf 81' lang='lat' dir='ltr'>quao-</span> 
     </span>
     <span class='ocr_line' id='line_1_20' title="bbox 263 3854 796 3922; baseline 0.004 -18"><span class='ocrx_word' id='word_1_162' title='bbox 263 3854 394 3906; x_wconf 87' lang='lat' dir='ltr'>stionibus</span> <span class='ocrx_word' id='word_1_163' title='bbox 411 3855 597 3922; x_wconf 87' lang='lat' dir='ltr'>Antiphonteis</span> <span class='ocrx_word' id='word_1_164' title='bbox 617 3854 692 3920; x_wconf 82' lang='lat' dir='ltr'>(anni</span> <span class='ocrx_word' id='word_1_165' title='bbox 710 3856 796 3922; x_wconf 82' lang='lat'>1861).</span> 
     </span>
    </p>
   </div>
   <div class='ocr_carea' id='block_1_3' title="bbox 330 3945 1148 4109">
    <p class='ocr_par' dir='ltr' id='par_1_3' title="bbox 330 3945 1148 4109">
     <span class='ocr_line' id='line_1_21' title="bbox 331 3945 1148 4016; baseline 0 -18"><span class='ocrx_word' id='word_1_166' title='bbox 331 3945 352 4015; x_wconf 76' lang='lat'>²)</span> <span class='ocrx_word' id='word_1_167' title='bbox 372 3951 405 3998; x_wconf 83' lang='lat' dir='ltr'>cf.</span> <span class='ocrx_word' id='word_1_168' title='bbox 424 3949 553 4016; x_wconf 83' lang='lat' dir='ltr'>Philolog.</span> <span class='ocrx_word' id='word_1_169' title='bbox 571 3951 703 4016; x_wconf 81' lang='lat' dir='ltr'>Anzeigor</span> <span class='ocrx_word' id='word_1_170' title='bbox 719 3951 772 4000; x_wconf 88' lang='lat' dir='ltr'>vol.</span> <span class='ocrx_word' id='word_1_171' title='bbox 789 3950 833 4001; x_wconf 86' lang='lat' dir='ltr'>IV.</span> <span class='ocrx_word' id='word_1_172' title='bbox 852 3949 916 4000; x_wconf 87' lang='lat' dir='ltr'>anni</span> <span class='ocrx_word' id='word_1_173' title='bbox 936 3952 1009 4013; x_wconf 81' lang='lat'>1872,</span> <span class='ocrx_word' id='word_1_174' title='bbox 1027 3964 1071 4014; x_wconf 84' lang='lat' dir='ltr'>pg.</span> <span class='ocrx_word' id='word_1_175' title='bbox 1091 3953 1148 3998; x_wconf 74' lang='lat'><strong>127.</strong></span> 
     </span>
     <span class='ocr_line' id='line_1_22' title="bbox 330 4039 1072 4109; baseline -0.001 -17"><span class='ocrx_word' id='word_1_176' title='bbox 330 4039 352 4108; x_wconf 82' lang='lat'>³)</span> <span class='ocrx_word' id='word_1_177' title='bbox 371 4043 405 4092; x_wconf 86' lang='lat' dir='ltr'>cf.</span> <span class='ocrx_word' id='word_1_178' title='bbox 423 4043 615 4109; x_wconf 82' lang='lat' dir='ltr'>praefationem</span> <span class='ocrx_word' id='word_1_179' title='bbox 633 4043 756 4094; x_wconf 87' lang='lat' dir='ltr'>editionis</span> <span class='ocrx_word' id='word_1_180' title='bbox 773 4043 948 4107; x_wconf 82' lang='lat' dir='ltr'>Dinarcheae,</span> <span class='ocrx_word' id='word_1_181' title='bbox 966 4058 1009 4108; x_wconf 87' lang='lat' dir='ltr'>pg.</span> <span class='ocrx_word' id='word_1_182' title='bbox 1028 4043 1072 4091; x_wconf 91' lang='lat' dir='ltr'>IV.</span> 
     </span>
    </p>
   </div>
   <div class='ocr_carea' id='block_1_4' title="bbox 329 4133 873 4297">
    <p class='ocr_par' dir='ltr' id='par_1_4' title="bbox 329 4133 873 4297">
     <span class='ocr_line' id='line_1_23' title="bbox 329 4133 873 4203; baseline 0.004 -19"><span class='ocrx_word' id='word_1_183' title='bbox 329 4133 351 4201; x_wconf 84' lang='lat'>⁴)</span> <span class='ocrx_word' id='word_1_184' title='bbox 371 4137 404 4185; x_wconf 83' lang='lat' dir='ltr'>cf.</span> <span class='ocrx_word' id='word_1_185' title='bbox 423 4137 472 4186; x_wconf 91' lang='lat' dir='ltr'>Rh.</span> <span class='ocrx_word' id='word_1_186' title='bbox 490 4139 558 4188; x_wconf 89' lang='lat' dir='ltr'>Mus.</span> <span class='ocrx_word' id='word_1_187' title='bbox 576 4138 695 4202; x_wconf 68' lang='lat' dir='ltr'>XXVII„</span> <span class='ocrx_word' id='word_1_188' title='bbox 713 4153 756 4203; x_wconf 85' lang='lat' dir='ltr'>pg.</span> <span class='ocrx_word' id='word_1_189' title='bbox 775 4139 809 4188; x_wconf 82' lang='lat'>90</span> <span class='ocrx_word' id='word_1_190' title='bbox 818 4153 873 4202; x_wconf 89' lang='lat' dir='ltr'>sqq.</span> 
     </span>
     <span class='ocr_line' id='line_1_24' title="bbox 330 4227 848 4297; baseline 0.004 -19"><span class='ocrx_word' id='word_1_191' title='bbox 330 4227 351 4295; x_wconf 79' lang='lat'>⁶)</span> <span class='ocrx_word' id='word_1_192' title='bbox 371 4229 457 4295; x_wconf 83' lang='lat' dir='ltr'>Siggii</span> <span class='ocrx_word' id='word_1_193' title='bbox 474 4230 615 4281; x_wconf 87' lang='lat' dir='ltr'>collatione</span> <span class='ocrx_word' id='word_1_194' title='bbox 632 4232 698 4297; x_wconf 83' lang='lat' dir='ltr'>Hug</span> <span class='ocrx_word' id='word_1_195' title='bbox 715 4246 780 4281; x_wconf 87' lang='lat' dir='ltr'>usus</span> <span class='ocrx_word' id='word_1_196' title='bbox 801 4235 848 4280; x_wconf 88' lang='lat' dir='ltr'>est.</span> 
     </span>
    </p>
   </div>
   <div class='ocr_carea' id='block_1_5' title="bbox 0 0 1602 4916">
    <p class='ocr_par' dir='ltr' id='par_1_5' title="bbox 0 0 1602 4916">
     <span class='ocr_line' id='line_1_25' title="bbox 0 0 1602 4916; baseline 0 4"><span class='ocrx_word' id='word_1_197' title='bbox 0 0 1602 4916; x_wconf 95' lang='lat' dir='ltr'> </span> 
     </span>
    </p>
   </div>
  </div>
 </body>
</html>
