3194 4916
787 423 828 490 20

705 509 903 520 a———uu-——n

257 645 326 690 sum
350 647 420 690 esso
442 619 574 690 Bekker
594 624 679 707 dicit,
701 626 734 688 in
751 625 781 688 A
796 633 957 688 servatum
980 644 1049 688 esse
1062 622 1155 688 Blass
1176 625 1350 708 testatur¹)3

257 733 302 797 ita
323 733 369 816 fit,
391 740 427 796 ut
448 731 590 796 Bekkeri
612 731 812 822 adnotationi
831 731 919 796 nulla
940 729 1019 794 fides
1041 729 1189 795 habenda
1211 731 1271 814 sit3
1293 729 1351 794 VI.

256 839 298 906 48
318 860 414 925 porro
435 839 569 902 verbum
586 829 948 925 »ἄπροαγορεύοντεςῖ
971 860 1042 902 cum
1058 839 1089 900 in
1106 862 1153 925 pr.
1171 836 1350 918 Minassos,

258 948 289 1009 in
324 945 473 1031 codicey
505 946 607 1010 locum
641 945 753 1010 habuit
785 968 889 1033 neque
922 945 1095 1032 quidquam
1128 967 1168 1010 ex
1199 945 1351 1008 hocloco

259 1052 404 1116 concludi
442 1061 556 1139 potest.
615 1051 654 1115 V.
677 1052 727 1136 27,
757 1055 807 1133 45,
837 1055 879 1119 53
908 1060 1012 1117 autem
1042 1074 1105 1116 non
1137 1060 1279 1135 constat,
1312 1050 1352 1114 ab

258 1160 357 1224 utrius
380 1169 470 1246 parte
503 1157 655 1222 codexL
688 1169 766 1242 stet,
797 1161 828 1222 in
860 1158 1005 1223 omnibus
1032 1158 1112 1223 levis
1142 1179 1231 1224 error
1257 1157 1353 1221 statui

259 1265 364 1330 debet.
407 1275 508 1329 restat
535 1265 591 1330 VI.
615 1267 665 1345 26,
688 1267 741 1330 ubi
763 1264 896 1329 Bekker
926 1265 1118 1330 adnotavit:
1141 1259 1226 1350 „lyci
1246 1269 1353 1331 ταῦτα

260 1376 300 1453 A,
323 1365 389 1458 ἐγὼ
408 1366 520 1438 πάντα
542 1372 599 1455 Ζ“,
622 1394 699 1458 ergo
715 1373 747 1436 in
762 1373 790 1436 B
805 1373 939 1436 verbum
957 1375 1100 1454 „cabad
1115 1375 1268 1437 omissum
1283 1392 1353 1434 csse

259 1480 401 1562 videtur,
430 1479 486 1542 sed
517 1479 555 1541 cf.
577 1478 619 1543 V.
649 1479 705 1561 66,
738 1479 795 1543 ubi
824 1478 954 1543 Bekkcr
981 1479 1118 1544 lectione
1148 1478 1265 1543 codicis
1294 1479 1353 1542 B:

262 1575 476 1672 »εὖπορεῖτεα
496 1586 527 1648 in
551 1595 673 1649 textum
695 1594 823 1671 recepta
845 1586 1047 1651 nihilominus
1070 1587 1228 1673 expressis
1249 1586 1354 1651 verbis

261 1693 444 1757 adnotavit:
461 1681 655 1779 „eduooalcs
667 1690 715 1755 Βα
733 1713 832 1778 quare
845 1692 929 1776 inde,
945 1693 1030 1777 quod
1045 1693 1175 1758 Bekkor
1191 1693 1229 1757 de
1245 1693 1354 1757 codice

260 1800 289 1863 B
321 1799 382 1863 hoc
408 1799 479 1863 loco
511 1799 588 1862 nihil
620 1799 806 1880 adnotavit,
838 1798 943 1883 colligi
972 1821 1037 1863 uon
1067 1811 1188 1887 potest,
1222 1798 1353 1864 verbum

259 1909 366 1973 ταῦτα
387 1908 420 1970 in
442 1907 551 1970 codice
572 1906 600 1969 B
623 1906 742 1971 deesse.

344 2037 462 2102 Tribus
490 2039 523 2102 in
553 2039 629 2102 locis
660 2038 763 2102 codex
784 2037 812 2099 B
840 2038 926 2102 solus
948 2060 1056 2102 veram
1077 2038 1245 2104 lectionem
1267 2059 1355 2125 prae-

260 2145 336 2210 bere
357 2145 483 2209 videtur
505 2167 513 2208 :
969 2157 975 2166 “

345 2252 383 2316 V.
405 2253 446 2317 66
468 2250 526 2314 :B
549 2273 556 2314 :
579 2241 754 2338 εὐπορεῖτε
776 2251 1038 2338 (imperfectum),
1060 2255 1112 2317 A:
1134 2243 1355 2339 sdaooolva²)‚

503 2357 534 2422 N
557 2368 588 2422 et
608 2358 643 2423 M
666 2382 673 2422 :
696 2348 870 2446 εὐπορῆτε.

345 2491 384 2557 In
408 2463 570 2555 auditibus
588 2489 621 2555 N
643 2501 674 2555 et
695 2491 729 2556 M
745 2491 946 2579 interpolatio
960 2492 1045 2556 facta
1059 2500 1117 2574 est,
1140 2514 1212 2556 cum
1226 2498 1358 2578 propter

262 2599 395 2665 verbum
418 2589 461 2663 du
482 2596 700 2661 coniunctivus
722 2597 964 2663 desideraretur.

333 2730 390 2795 VI.
406 2730 426 2793 9
442 2753 450 2793 :
466 2728 493 2793 B
509 2752 516 2791 :
531 2723 657 2794 τούτου
671 2728 737 2794 ἰδία
746 2729 803 2814 (l),
826 2731 856 2793 A
869 2752 915 2816 pr.
932 2753 939 2794 :
953 2723 1080 2796 τούτου
1100 2730 1144 2795 αδ
1151 2729 1177 2813 ³)
1193 2728 1356 2811 (Blass⁴):

461 2830 589 2904 τούτου
611 2835 697 2919 ald),
718 2836 773 2900 N:
794 2832 921 2903 τούτου
942 2831 1004 2923 tuly,
1026 2839 1071 2903 A¹
1086 2860 1094 2902 ε
1109 2838 1248 2904 τουτουὶ
1271 2828 1356 2922 637⁵),

461 2943 496 3009 Μ
518 2967 525 3008 :
547 2937 686 3010 τούτονὶ
708 2937 756 3030 δὴ.

346 3075 513 3142 Maetzner
533 3088 565 3141 et
586 3077 679 3142 Blass
708 3077 970 3142 adnotaverunt:
1002 3070 1128 3143 τούτου
1159 3075 1227 3142 ἰδία
1258 3072 1357 3154 ABL,

265 3185 318 3246 sed
341 3185 374 3248 in
397 3184 505 3248 codice
518 3186 548 3248 A
564 3185 657 3249 aliam
673 3184 840 3248 lectionem
856 3186 960 3248 inesse
974 3206 1059 3247 nunc
1074 3183 1188 3247 scimus
1205 3192 1238 3246 et
1257 3181 1359 3245 codex

264 3293 293 3356 L
315 3315 378 3356 non
401 3292 532 3356 collatus
554 3299 618 3372 est,
653 3291 758 3376 agitur
785 3292 883 3374 igitur
908 3292 947 3355 de
969 3291 1078 3354 codice
1100 3291 1137 3355 Β.
1181 3291 1236 3375 qui
1257 3289 1359 3352 codex

265 3400 290 3463 si
312 3392 457 3484 „rodaco
477 3398 563 3465 ictu
586 3398 767 3485 praeberet,
799 3397 945 3461 librarius
967 3397 1051 3461 felici
1074 3400 1254 3461 coniectura
1274 3397 1360 3484 hunc

262 3506 367 3570 locum
383 3516 534 3588 sanasset,
556 3505 612 3570 aed
626 3506 700 3568 mihi
716 3525 902 3591 persuasum
918 3513 976 3588 est,
993 3504 1090 3568 verba
1106 3498 1250 3589 „cociaco
1266 3504 1355 3571 low

265 3702 462 3710 ———-

337 3841 356 3908 ¹)
375 3841 409 3892 cf.
427 3841 476 3891 Rh.
495 3843 531 3892 Μ.
548 3843 668 3905 XXVII„
685 3856 729 3906 pg.
748 3843 789 3891 96.

260 3971 263 3976 .
335 3925 357 3994 ²)
376 3928 410 3977 cf.
428 3926 503 3977 Blass
520 3929 602 3993 praef.
621 3927 684 3978 edit.
701 3942 745 3991 pg.
764 3927 811 3976 ΠΙ.

335 4011 357 4080 ⁸)
375 4013 440 4077 nug
457 4028 500 4078 rc·
519 4013 542 4062 5·

334 4097 356 4166 ⁴)
375 4098 409 4148 cf.
428 4097 476 4146 Rh.
495 4097 530 4147 M.
548 4097 667 4160 XXVII„
685 4113 728 4163 pg.
748 4097 789 4147 94.

335 4182 356 4250 ⁵)
375 4183 409 4233 cf.
427 4198 507 4248 supra
523 4199 566 4248 pg.
584 4186 609 4234 4.
