3194 4916
804 449 844 514 39

722 537 919 544 -—.-——..—

355 648 425 712 Iam
454 647 492 713 de
516 637 653 714 13100i's
676 646 844 712 dicendum
865 655 931 725 est,
952 648 1008 712 ubi
1028 649 1179 714 lectiones
1201 650 1317 714 codicis
1340 651 1367 715 B

273 755 502 844 praeferendae
523 779 594 821 esse
615 756 690 819 mihi
711 756 881 820 videntur:

375 864 403 928 Ι.
432 849 482 929 6':
504 863 568 928 AN
591 886 598 928 :
620 855 674 930 ὅτι
698 886 756 947 ye,
789 862 816 926 B
849 887 885 948 γε
906 871 994 926 recte
1017 864 1136 945 omisit,
1165 863 1198 928 id
1220 866 1306 952 quod
1329 889 1369 931 ex

513 971 611 1037 verbo
629 971 703 1057 ,ys“
720 969 805 1058 quod
821 969 980 1036 antecedit
994 972 1026 1034 in
1050 970 1157 1035 codice
1179 989 1200 1038 α
1222 983 1368 1038 exortum

514 1098 582 1142 esse
605 1079 740 1142 videtur.

355 1182 493 1265 Itan:
516 1184 606 1248 AN:
631 1178 673 1249 τὸ
694 1178 766 1269 γὰρ,
795 1183 822 1247 B
846 1206 853 1247 :
875 1176 915 1249 τὸ
936 1183 998 1268 μὲν
1018 1177 1101 1269 γὰρ,·

275 1283 367 1354 Blass
379 1292 404 1370 1)
427 1290 580 1377 scripsit:
603 1283 684 1377 »γὰρ
707 1291 812 1355 omisit
835 1289 935 1370 NA“,
971 1289 1026 1354 sed
1050 1314 1122 1355 cum
1151 1292 1183 1356 in
1206 1293 1314 1357 codice
1337 1291 1368 1356 N

275 1399 408 1461 verbum
430 1397 528 1482 ,pist
552 1399 663 1462 deesse
685 1397 849 1462 Maetaner
869 1407 1001 1464 testatus
1023 1399 1072 1482 sit,
1094 1399 1188 1463 credo
1212 1401 1368 1464 Blossium

277 1504 413 1570 scribere
435 1505 573 1572 voluisse
594 1528 602 1569 :
626 1505 706 1590 ,phu
726 1505 830 1569 omisit
851 1503 951 1587 NA“;

377 1610 421 1675 II.
433 1637 461 1697 γ.
481 1615 502 1679 5
523 1635 531 1675 :
554 1611 615 1676 AN
641 1636 648 1677 :
670 1604 712 1678 ἂν
734 1621 764 1676 et
786 1603 804 1677 ὃ
827 1634 899 1694 om,
920 1611 950 1676 B
972 1635 979 1676 :
1000 1635 1093 1696 serv,

356 1717 458 1800 ΙΠ.β.
481 1719 530 1782 8:
579 1768 595 1805 ‚,
640 1720 884 1805 τπροδραμεῑν,
930 1767 946 1803 „
976 1720 1239 1805 επροσδραμεῖν,

275 1824 368 1890 Blass
388 1835 473 1890 recte
490 1827 664 1890 coniecisse
686 1826 762 1889 mihi
784 1826 919 1907 videtur,
942 1825 1241 1912 ,apodtudpupelffl
1263 1827 1369 1911 fuisse,

276 1954 375 2018 quare
395 1933 466 2019 plus
488 1933 520 1996 in
543 1932 650 1996 codice
673 1933 701 1997 B
724 1941 885 1996 servatum
907 1940 964 1995 est.

358 2038 459 2124 IILy.
482 2041 502 2104 6
525 2038 618 2104 :AN
643 2063 650 2102 :
674 2043 822 2125 ,puttoni
843 2039 879 2105 δὲ
901 2032 989 2105 {adv
1010 2029 1030 2123 ἢ
1053 2030 1131 2104 οὔτε
1154 2037 1270 2121 ἔβαλλε
1293 2031 1371 2106 οὔτε

275 2136 482 2212 ἄπέκτεινε.“
526 2146 604 2210 haec
626 2147 735 2220 verba,
759 2167 841 2231 quae
863 2147 894 2209 in
910 2148 999 2232 Apr.
1012 2143 1044 2208 N
1064 2147 1276 2228 inveniuntur,
1300 2169 1371 2212 cnm

276 2255 322 2319 Α1
342 2255 476 2318 verbum
499 2244 558 2338 ,iil‘
582 2253 710 2337 deleret,
733 2254 766 2316 in
788 2253 899 2316 codice
920 2252 948 2315 B
970 2263 1058 2316 recte
1089 2253 1207 2317 omissa
1236 2275 1307 2318 esse
1325 2257 1370 2318 vi·

277 2360 399 2424 dentur.
444 2361 503 2423 hoc
527 2360 611 2424 enim
631 2360 701 2424 loco
724 2359 842 2446 aliquid
864 2358 1088 2446 interpolatum
1104 2380 1174 2423 esse
1191 2382 1261 2424 cum
1278 2359 1372 2424 Blnss

277 2469 344 2554 ipse
373 2467 580 2531 concessisset
589 2467 615 2550 2)
623 2516 631 2549 ,
660 2467 807 2553 postea⁸l
830 2466 910 2529 haec
938 2465 1036 2529 verba
1058 2465 1178 2530 frustra
1199 2467 1372 2531 defendere

277 2575 405 2656 studuit,
428 2597 500 2638 nam
523 2574 594 2660 quis
614 2572 780 2659 intellegit,
803 2571 955 2658 quidsibi
974 2573 1071 2636 velit:
1088 2573 1294 2658 ,absichtlich
1319 2574 1375 2638 hat

277 2703 312 2746 er
333 2681 386 2744 ihn
408 2681 495 2745 nicht
516 2680 679 2766 getiidtet,
713 2681 790 2744 aber
820 2679 902 2743 doch
933 2680 1023 2744 mehr
1044 2680 1238 2762 absiohtlich,
1269 2680 1315 2745 als
1339 2702 1374 2745 er

276 2788 329 2851 ihn
351 2788 531 2875 itherhnnpt
551 2787 658 2852 weder
679 2787 836 2874 getroffen
856 2786 938 2851 noch
967 2785 1111 2872 getddtet
1137 2786 1221 2851 hat.“
1273 2808 1373 2872 quere

276 2905 374 2980 puto,
404 2895 484 2959 haec
512 2895 612 2958 verba
642 2895 683 2958 ad
711 2897 886 2980 marginem
918 2894 1083 2980 archetypi
1112 2894 1162 2978 (x)
1185 2896 1252 2957 sinc
1274 2894 1372 2958 verbo

278 2993 336 3087 »ΞΥ
360 3001 539 3087 explicandi
568 3023 663 3065 causa
694 3000 854 3088 adscripta
882 3002 915 3064 in
948 3000 1106 3064 codiccB
1139 3000 1266 3085 quidem
1288 3010 1373 3066 recte

276 3109 407 3189 omissa,
436 3130 495 3195 per
522 3107 684 3172 librarium
713 3116 818 3171 antem
847 3107 965 3170 codicis
992 3131 1013 3173 α
1043 3109 1076 3169 ἱη
1098 3116 1223 3171 textum
1245 3118 1374 3193 recepta

215 3206 218 3215 ’
276 3237 356 3296 esse,
380 3214 432 3300 qui
454 3223 585 3301 propter
606 3214 740 3278 verbnm
756 3213 922 3298 ᾖμᾶλλονα
939 3214 1071 3279 verbum
1087 3205 1146 3301 ᾖἢ“
1163 3215 1373 3300 neglegenter

276 3321 409 3386 adderet
419 3323 456 3404 ⁴),
479 3331 547 3385 tum
568 3323 694 3408 punctis
717 3331 851 3404 notaret,
873 3344 1009 3408 quorum
1032 3343 1127 3386 causa
1141 3323 1187 3386 Α1
1208 3344 1249 3386 ex
1269 3348 1291 3388 α
1312 3323 1373 3387 hoc

276 3430 409 3494 verbnm
438 3429 564 3494 delevit.
621 3429 646 3492 si
680 3432 730 3494 oui
763 3430 844 3493 haec
872 3429 1043 3516 explicatio
1073 3429 1272 3493 artificiosior
1302 3451 1372 3494 esse

275 3537 409 3616 videtur,
432 3558 527 3623 quam
550 3545 585 3600 ut
600 3560 637 3601 ea
651 3537 813 3623 probetur,
835 3535 1036 3600 nihilominus
1052 3535 1145 3600 Blcss
1168 3537 1271 3599 minus
1287 3546 1372 3601 recte

346 3860 366 3929 ¹)
386 3862 435 3912 Rh.
453 3865 522 3913 Mus.
540 3864 658 3926 XXVII,
676 3879 719 3928 pg.
738 3865 779 3912 93.

345 3944 367 4013 ²)
388 3950 422 3998 cs.
441 3949 539 4000 Blassii
557 3949 701 4000 editionem
718 3949 736 3999 1.
754 3949 772 3999 l.

346 4030 658 4100 ⁸)Rh.Mus.xxV11.,
684 4051 728 4100 pg.
747 4036 792 4098 93,
818 4036 884 4096 1013
910 4031 1006 4082 Philol.
1024 4031 1155 4098 Anzeiger
1172 4033 1225 4096 lv,
1243 4048 1286 4098 pg.
1305 4034 1372 4096 389;

196 4139 198 4146 ·
277 4119 313 4169 cf.
331 4118 397 4184 Hug
414 4135 457 4185 pg.
477 4122 524 4182 23;
541 4120 652 4185 Kayser,
670 4119 719 4169 Rh.
738 4119 774 4168 M.
792 4119 860 4183 XII,
877 4134 921 4184 pg.
940 4118 997 4167 231.

346 4202 368 4270 ⁴)
386 4205 422 4254 IV
425 4205 460 4256 ‚d
479 4208 496 4254 4
513 4204 582 4255 idem
600 4207 700 4256 factum
719 4209 766 4254 est.
