3194 4916
796 517 838 585 30

722 608 921 618 ———-

274 747 312 790 ex
335 723 393 789 IV.
404 728 435 805 β.
457 725 475 788 7
498 723 567 787 loco
588 722 679 786 verbi
696 711 928 806 „duoxrelvct“
944 718 1117 783 scribamus
1141 709 1369 806 ,ἄποστερεή

273 832 306 894 id
334 829 419 917 quod
448 830 566 894 Reislre
597 830 792 908 coniecerat,
832 849 907 892 nam
937 849 1050 892 sensus
1080 849 1145 891 non
1178 826 1368 891 desiderat:

274 941 359 1024 „qui,
380 947 470 1002 tauto
493 936 575 1002 dono
588 935 705 1022 dignus
726 935 864 1018 habitus,
887 935 1021 999 alterum
1041 933 1103 997 hoc
1130 934 1213 997 dono
1235 934 1368 1020 privat“,

275 1047 330 1109 sed
353 1068 361 1108 ε
385 1047 457 1130 „qui
480 1066 577 1108 unum
600 1045 715 1126 exiis,
747 1044 801 1130 qui
829 1052 917 1107 tento
946 1043 1030 1106 dono
1054 1040 1142 1127 digni
1163 1041 1264 1105 habiti
1286 1050 1368 1120 sunt,

276 1154 343 1217 vita
374 1150 512 1239 privat“,
547 1173 646 1236 quare
677 1151 822 1238 proxime
856 1150 896 1213 ad
928 1172 1038 1214 verum
1072 1148 1166 1214 Blass
1198 1149 1369 1236 accessisse

222 1297 228 1308 ·
274 1260 409 1340 videtur,
433 1281 503 1322 oum
522 1254 679 1322 ¹scriberet
701 1281 708 1321 ε
732 1262 822 1342 „coin
848 1248 916 1324 ὑπὸ
945 1261 1008 1324 τοῦ
1036 1261 1123 1324 θεοῦ
1151 1246 1371 1337 ἀξιωθέντων

272 1359 394 1454 tucos
472 1439 474 1444 .

356 1473 414 1538 VI.
439 1475 508 1538 10:
537 1475 566 1535 A
589 1494 637 1558 pr.
660 1470 688 1534 N
713 1495 720 1536 :
750 1473 1045 1558 καταψηφίσεσθε,
1078 1471 1153 1535 A¹B
1185 1495 1192 1535 :
1221 1493 1370 1558 καταψη-

535 1581 689 1666 φίσησθε,
711 1580 868 1666 optativus
891 1578 1104 1644 restituendus
1128 1589 1184 1644 est.

274 1693 356 1754 inter
387 1689 445 1752 hos
478 1688 564 1751 locos
594 1687 738 1774 inprimis
771 1687 811 1750 V.
836 1689 874 1752 19
904 1687 1202 1752 commemorandus
1224 1697 1288 1768 est,
1315 1689 1370 1752 ubi

275 1798 392 1884 duplici
414 1798 535 1861 ratione
558 1795 765 1882 comprobare
786 1817 969 1881 possumus,
1001 1794 1169 1859 lectionem
1191 1791 1286 1880 „illoc
1307 1813 1370 1862 σω-

272 1905 365 1982 aaz&
389 1906 421 1968 in
443 1903 617 1988 archetypo
641 1902 781 1966 omnium
803 1904 960 1967 communi
983 1902 1081 1967 fuisse
1105 1925 1113 1966 τ

359 2015 385 2076 1.
407 2014 452 2073 A1
472 2011 601 2074 omnino
625 2033 665 2074 ex
687 2008 795 2074 codice
817 2034 838 2074 α
860 2010 1013 2094 correxit,
1046 2031 1124 2094 ergo
1151 2010 1251 2075 verbs
1274 2006 1369 2096 ,ἕλος

274 2120 415 2196 rouel&
438 2121 471 2181 in
493 2142 514 2182 α
532 2116 686 2182 insuerint
706 2138 836 2181 necesse
859 2126 915 2181 est.

357 2228 385 2291 2.
408 2225 535 2290 Nomen
551 2223 689 2308 „Helos“
708 2247 748 2288 ex
769 2224 830 2288 hac
851 2233 1002 2311 corrupta
1015 2224 1152 2289 lectione
1166 2224 1198 2288 in
1214 2225 1369 2312 hypothe-

276 2333 322 2396 sin
346 2332 513 2419 irrepsisse
536 2333 618 2394 inter
639 2331 724 2394 viros
757 2329 869 2394 doctos
891 2339 1023 2395 constat.
1074 2352 1157 2418 quae
1184 2331 1370 2418 hypothesis

275 2462 347 2503 oum
366 2441 399 2502 in
422 2440 568 2503 omnibus
590 2438 751 2504 codicibus
789 2439 908 2502 inesset
935 2459 1040 2523 neque
1074 2438 1172 2522 igitur
1193 2438 1370 2525 archetypo

272 2570 296 2611 x
316 2548 449 2630 deesset,
471 2547 631 2632 seqnitur,
654 2555 688 2610 ut
709 2546 809 2611 verba
831 2566 959 2631 quoque
982 2542 1076 2630 „illoc
1099 2546 1242 2622 candel&
1264 2547 1297 2609 in
1320 2569 1368 2611 ar-

275 2654 573 2742 chetypo'omninm
597 2654 756 2718 communi
777 2654 876 2718 fuisse
899 2653 1051 2718 dicamus.

356 2762 530 2827 Praeterea
561 2762 634 2827 huic
662 2763 754 2826 classi
774 2760 895 2848 Hng1)
919 2762 998 2828 duos
1020 2762 1106 2828 locos
1129 2762 1307 2848 subiungit,
1337 2763 1371 2825 in

275 2870 399 2957 quihus,
421 2892 491 2935 cum
515 2870 590 2936 A1B
614 2872 829 2952 consentione
858 2872 890 2935 A
910 2893 958 2957 pr.
980 2879 1012 2934 et
1036 2869 1066 2935 N
1089 2871 1174 2934 inter
1196 2891 1230 2933 se
1252 2869 1368 2933 discre-
1453 2913 1465 2934 .

273 2988 360 3064 pant.

358 3083 396 3146 V.
418 3086 460 3148 50
481 3107 489 3147 ε
511 3087 541 3148 Α
572 3106 649 3172 pn:
684 3077 747 3150 τὸν
775 3073 880 3151 αὐτὸν
907 3079 1010 3170 λόγον
1036 3085 1184 3169 λέγοντι,
1216 3083 1279 3148 N:
1308 3078 1371 3150 τὸν

513 3182 618 3258 αὐτὸν
646 3181 699 3258 ἀεὶ
726 3186 830 3278 λόγον
860 3192 1008 3278 λέγοντι,
1042 3191 1145 3255 A1B:
1172 3185 1236 3258 τὸν
1265 3181 1371 3257 αὐτον

512 3293 616 3384 λόγον
636 3289 689 3366 niel
709 3301 842 3384 λέγοντι
851 3325 863 3379 ;

276 3406 430 3471 assentior
462 3407 588 3494 Hugio,
619 3410 672 3494 qui
705 3410 839 3473 verbum
863 3398 955 3493 „der‘
977 3409 1137 3492 glossema
1164 3410 1197 3471 in
1224 3407 1370 3490 margine

275 3513 439 3600 archetypi
462 3516 512 3598 (x)
535 3514 676 3579 additum
696 3515 794 3580 fuisse
810 3517 968 3603 opinatur,
991 3515 1077 3600 quod
1092 3516 1238 3578 librarius
1253 3515 1371 3577 codicis

276 3622 307 3683 A
328 3643 376 3707 pr.
399 3623 511 3705 omisit,
533 3621 565 3686 N
587 3643 628 3686 ex
649 3644 706 3687 suo
728 3624 859 3688 arbitrio
882 3625 1088 3708 transposuit.

341 3753 397 3818 VI.
420 3755 490 3820 40:
523 3755 654 3840 Apr.:
685 3748 810 3842 ἐπειδή
837 3778 895 3840 μοι
936 3749 1087 3822 ἐπύθετο
1127 3752 1372 3841 προειρημένον
1399 3775 1403 3781 ·

531 3859 710 3947 εἴργεσθαι,
735 3861 789 3925 N:
812 3855 927 3948 ἐπειδὴ
956 3856 1106 3929 ἐπύθετο
1127 3861 1372 3948 προειρημένον

529 3991 588 4053 μοι
609 3968 788 4055 εἴργεσθαι,
811 3969 884 4033 A¹B
901 3992 909 4033 z
924 3963 1036 4036 &nardi
1052 3963 1203 4036 ἐπύθετο
1217 3992 1370 4056 ueneror]-

347 4275 366 4344 ¹)
386 4279 450 4343 Hug
467 4294 510 4344 pg.
530 4280 570 4328 15.
