3194 4916
781 469 800 527 6

241 663 334 728 huius
356 664 401 728 rei
423 664 569 750 exempla
589 663 673 728 infra
687 663 868 746 afferentur,
891 662 948 728 sed
969 670 1055 728 recte
1069 661 1149 748 Hug
1158 663 1183 747 ¹)
1205 663 1337 748 monuit,

242 791 351 836 omnes
373 770 602 857 discrepantius
626 768 742 834 codicis
763 768 805 847 N,
826 769 969 856 inprimis
992 790 1074 854 quae
1096 770 1135 833 ad
1158 770 1335 835 collocatio·

242 899 316 941 nem
338 877 510 940 verborum
532 877 737 962 pertinerent,
759 874 834 940 inde
855 875 1006 962 explicari
1032 897 1098 939 non
1124 897 1234 962 posse,
1264 878 1339 963 quio

241 984 274 1047 in
308 985 353 1048 A·
370 984 481 1048 saltem
513 983 605 1069 plura
636 982 772 1066 vestigia
804 980 938 1067 duplicis
969 981 1162 1047 recensionis
1193 984 1337 1048 invenire

242 1089 440 1155 deberemus.
473 1089 574 1174 „fac“,
597 1089 708 1174 inquit,
732 1088 911 1175 „duplicem
924 1091 958 1152 in
973 1088 1147 1176 archetypo
1169 1090 1338 1156 lectionem

242 1196 287 1260 ita
307 1197 405 1261 fuisse
425 1196 630 1283 propositam,
653 1205 688 1258 ut
708 1196 747 1277 ei,
770 1195 824 1280 qui
846 1195 1008 1274 scriberet,
1030 1197 1116 1282 optio
1138 1197 1335 1282 permittere-

242 1303 312 1367 tur“
335 1312 407 1367 cett.
460 1325 554 1389 quam
586 1303 777 1367 sententiam
805 1310 842 1366 ut
870 1302 1071 1386 confirmem,
1102 1305 1256 1390 exemplis
1278 1327 1336 1392 per

239 1409 382 1495 Hugium
413 1408 515 1473 allatis
523 1458 533 1492 ,
565 1409 620 1474 ubi
653 1409 732 1473 haee
761 1409 847 1495 optio
877 1408 955 1496 dari·
976 1431 1039 1474 non
1060 1411 1163 1496 potuit
1184 1411 1242 1494 (11.
1255 1412 1283 1478 δ.
1305 1413 1335 1495 2,

239 1520 269 1598 β.
279 1516 322 1596 3),
346 1515 498 1580 nonnulle
519 1515 638 1580 addere
659 1515 735 1580 mihi
757 1517 851 1580 liceat
873 1537 881 1579 :

362 1622 407 1688 II.
416 1627 445 1705 β.
472 1624 539 1688 13:
572 1624 664 1704 Αβέ
680 1614 858 1709 Ιπεριιδεῖν
884 1611 1007 1700 ἆδῖκοος
1037 1625 1093 1690 καὶ
1123 1613 1237 1702 ἄθέοος
1268 1626 1335 1694 δια·

460 1729 635 1815 φθαρέντα
655 1753 702 1814 με
723 1721 781 1796 ὑπ’
802 1721 925 1798 αὐτῶν.
1305 1721 1308 1728 ’

361 1834 424 1900 Νι
453 1836 616 1922 περιιδεῖν
644 1859 693 1921 με
720 1825 844 1914 ἆδίκοος
873 1839 929 1904 καὶ
957 1826 1071 1916 ἀθέοις
1103 1839 1334 1926 διαφθαρέντα

456 1933 514 2008 ὑπ’
535 1933 656 2008 αὐτῶν.
1237 2013 1239 2018 ,
1412 1936 1416 1946 ’

320 2047 373 2113 ubi
403 2048 489 2113 dicet
506 2048 598 2114 Blass
620 2049 755 2114 verbum
778 2050 857 2136 „pst
880 2050 984 2115 locum
1004 2050 1155 2118 habuisse
1176 2055 1209 2117 in
1225 2053 1334 2120 archo-

237 2163 314 2241 typo
347 2157 487 2220 omnium
519 2156 707 2222 communi?
758 2159 802 2221 ito
834 2157 983 2243 quidem,
1017 2169 1052 2224 ut
1083 2163 1333 2250 suprascriptum

235 2261 343 2344 fuerit,
366 2262 519 2349 explicari
540 2284 604 2326 non
625 2271 739 2350 potest.
784 2264 897 2328 eadem
919 2286 970 2328 res
992 2275 1040 2330 est
1061 2264 1119 2348 VI,
1141 2269 1162 2331 2
1184 2291 1191 2331 ε

360 2370 421 2451 Αβ
443 2392 451 2433 :
472 2358 594 2436 ὥστόὖ
610 2370 663 2436 δεῖ
680 2369 719 2436 ἐκ
732 2375 803 2436 τῶν
816 2367 929 2457 λόγων
942 2378 1005 2440 τοῦ
1019 2369 1209 2461 κατηγόρου
1229 2367 1333 2462 ὑμᾶς

453 2470 534 2554 τοὺς
555 2471 680 2562 νόμους
700 2484 833 2564 μαθεῖν.

358 2583 389 2648 N
412 2606 420 2647 ε
443 2575 564 2651 ὥστόὕ
585 2586 638 2652 δεῖ
654 2576 763 2671 ὑμᾶς
784 2585 823 2652 ἐκ
842 2591 913 2654 τῶν
933 2582 1045 2673 λόγων
1058 2593 1122 2656 τοῦ
1142 2585 1332 2677 κατηγόρου

453 2683 534 2767 τοὺς
555 2685 679 2776 νόμους
699 2698 831 2778 μαθεῖν.

358 2795 441 2881 ΙΙ.γ.
466 2797 484 2861 8
507 2819 514 2859 :
538 2799 599 2880 Αβ
621 2821 629 2862 :
652 2792 770 2866 ἰκανὸν
789 2800 851 2885 μὲν
873 2790 1092 2886 εὐδαιμονίας.
1141 2801 1203 2866 N:
1226 2793 1331 2871 aridat-

452 2904 570 2987 μονίας
590 2903 652 2989 μὲν
673 2899 798 2972 ἱκανὸν.

315 3034 432 3114 nescio,
466 3035 625 3120 quomodo
647 3036 728 3101 haec
749 3043 942 3124 permutatio
958 3062 998 3105 ex
1021 3042 1199 3129 duplicibus
1221 3043 1329 3107 arche-

233 3142 302 3226 typi
324 3139 512 3205 leotionibus
534 3144 685 3228 explicari
706 3147 817 3232 possit.

357 3247 401 3311 ΙΙ.
412 3252 442 3330 β.
458 3249 503 3314 9:
527 3251 614 3332 Αβε
636 3256 696 3336 τῆς
718 3251 754 3318 δὲ
775 3247 908 3332 πόλεως
928 3257 985 3322 καὶ
1004 3261 1068 3323 τοῦ
1089 3251 1252 3343 σώματος,
1273 3257 1327 3323 Νι

452 3359 517 3421 τοῦ
538 3357 574 3422 δὲ
595 3351 749 3443 σώματος
769 3361 825 3426 καὶ
845 3366 904 3447 τῆς
924 3356 1066 3439 πόλεως.

318 3491 398 3559 Cum
426 3495 526 3560 verba
550 3503 628 3584 ,τῆς
648 3492 800 3577 ιιόλεοος(ι
823 3510 855 3565 et
877 3506 959 3586 „uod
981 3495 1153 3588 οώματος“
1186 3505 1328 3570 consulto

234 3609 415 3685 permutata
448 3624 517 3667 esse
541 3612 663 3692 pateat,
693 3605 869 3688 Frankeb,
892 3630 986 3694 quem
1009 3607 1101 3674 Blass
1122 3622 1249 3676 secutus
1271 3621 1329 3696 est,

150 3783 151 3786 Ἴ
234 3704 403 3770 lectionem
426 3706 544 3772 codicis
563 3708 596 3774 N
617 3721 702 3775 recte
727 3734 761 3776 se
783 3711 902 3778 habere
923 3716 1086 3803 verbaque
1116 3723 1199 3803 ,uod
1220 3713 1328 3806 σώμα-

232 3810 310 3888 τος“
333 3816 556 3900 anteponenda
571 3839 642 3881 esse
659 3819 789 3902 censuit,
810 3820 895 3906 quod
912 3820 1015 3908 „vita“
1032 3825 1160 3889 maioris
1174 3829 1328 3892 momenti

304 4118 323 4187 ¹)
341 4120 407 4186 Hug
423 4137 467 4187 pg.
487 4124 526 4173 19.

301 4209 324 4280 ¹)
343 4213 377 4263 of.
397 4213 507 4264 annales
523 4213 616 4279 philol.
635 4221 662 4266 et
678 4217 789 4286 paedsg.
808 4220 861 4271 vol.
881 4224 913 4272 28
