3194 4916
270 723 326 805 ’,αἱ
347 744 389 788 ex
409 697 597 797 tostimoniis
618 735 781 808 servorum
802 743 867 786 non
888 718 1018 809 patebit,
1040 717 1092 787 me
1106 709 1166 787 hac
1179 729 1272 786 nocte
1286 720 1370 787 domi

276 828 450 910 dormiisse,
473 827 530 919 aed
560 829 587 893 si
608 828 730 915 patebit
751 851 803 894 me
824 829 932 916 aliqua
951 830 984 893 in
1005 836 1096 916 parte
1118 830 1229 895 domus
1244 827 1370 905 abiisse,

275 935 295 1000 i.
318 955 346 999 e.
368 935 488 1022 si'quia
509 956 673 1000 servorum
697 943 747 1001 me
768 937 884 1001 alicubi
906 945 1076 1002 exeuntem
1098 936 1193 1018 vidit,
1221 944 1289 1000 tum
1319 957 1370 1002 me
1461 997 1463 1004 ,

276 1062 496 1129 percussorem
518 1043 589 1106 esse
610 1041 793 1109 confiteor.“
1305 1035 1309 1044 ’

358 1171 421 1238 ΠΙ.
432 1177 462 1254 β.
482 1173 502 1238 9
524 1195 532 1236 z
554 1167 648 1259 ᾖμήτ’
668 1155 772 1239 Υοἷκοον
797 1167 879 1259 μήθ’
901 1170 989 1240 ἓκοον
1009 1163 1236 1241 ἄποκτεῖναι.“
1278 1173 1371 1238 Blass

276 1278 309 1343 in
329 1278 468 1344 editione
488 1279 620 1345 adnotat
641 1303 648 1344 :
672 1273 764 1367 »μήτ’
785 1272 886 1362 dcccv,
910 1280 982 1345 add.
1005 1279 1038 1344 N
1059 1278 1153 1344 Ald.“
1203 1288 1293 1366 patet
1314 1302 1369 1345 au·
1441 1265 1443 1270 ⁸

277 1394 342 1450 tem
374 1407 415 1450 ex
446 1385 621 1451 Mastaneri
652 1385 874 1472 adnotatione,
906 1388 987 1452 haec
1015 1387 1115 1452 verba
1144 1381 1236 1473 „att
1258 1377 1369 1452 ἄνοονας

139 1555 141 1562 ,
177 1528 180 1531 -
277 1492 372 1557 etiam
393 1494 425 1556 in
449 1493 557 1558 codice
578 1492 612 1557 N
644 1494 762 1558 omissa
794 1515 882 1577 esse,
913 1513 995 1580 quae
1028 1493 1121 1558 facile
1142 1494 1174 1557 in
1196 1494 1369 1581 archetypo
1486 1523 1488 1526 ·

260 1593 416 1664 'omnium
439 1599 668 1664 interciderunt
688 1608 818 1686 propter
840 1593 952 1685 sidu?

216 1735 219 1740 ⁴
333 1781 337 1788 .
361 1731 468 1813 IHss.
493 1733 532 1796 10
553 1755 561 1796 ι
585 1730 661 1819 „sut
681 1755 718 1798 τε
739 1725 802 1818 γὰρ
823 1735 865 1816 τῇ
884 1725 1011 1798 τούτου
1032 1732 1203 1820 διαφθορᾷ
1224 1721 1372 1813 ἀβίωτον

278 1838 388 1922 cett.3“
419 1839 526 1922 agitur
554 1837 593 1902 de
624 1839 722 1912 verbo
754 1839 990 1929 ,διαφθορᾷῆ
1024 1835 1190 1903 Mastaner
1211 1838 1370 1906 adnotat:

278 1948 470 2036 ,διαφθορᾷ
491 1968 499 2009 :
521 1943 632 2030 Reisk.
656 1941 700 2018 ct¹
718 1954 837 2010 recent.
870 1944 1046 2027 editiones,
1079 1944 1164 2034 quod
1198 1952 1306 2010 tuetur
1326 1943 1368 2009 N.

278 2041 425 2138 (Bekker
447 2049 486 2115 de
508 2050 669 2116 codicibus
691 2053 788 2135 tacet)
810 2075 818 2116 :
840 2053 1011 2141 διαφθορᾷ
1033 2049 1101 2116 ΑΜ
1123 2061 1154 2116 et
1170 2061 1246 2116 vett.
1261 2050 1371 2116 editio·

278 2158 366 2224 nes“.
409 2159 554 2225 similiter
574 2151 669 2223 etiam
690 2158 792 2243 Blasa,
825 2159 881 2222 sed
904 2158 944 2222 cf.
968 2159 1113 2223 Dobsoni
1141 2158 1288 2223 editionis
1316 2180 1371 2245 pg.

279 2266 368 2340 142:
391 2263 602 2356 ᾖδιαφθορᾷα
630 2265 784 2352 praebent
814 2262 896 2347 AM;
932 2264 1064 2329 Bekker
1098 2265 1175 2329 nihil
1212 2263 1369 2329 adnotans

280 2373 404 2460 scripsit
426 2372 646 2463 ,διαφθορᾷ“,
670 2394 747 2462 ergo
768 2373 804 2461 ἰα
824 2373 971 2436 omnibus
993 2371 1153 2436 codicibus
1182 2373 1266 2436 inest
1286 2373 1372 2456 „dta-

279 2481 425 2570 φθορᾷα,
447 2502 518 2544 cum
539 2479 657 2544 Aldina
667 2488 803 2580 ‘tantum
825 2479 890 2564 ,Μ
914 2479 1081 2544 omitteret.
1115 2511 1120 2518 ·

358 2612 494 2698 111.y.3
515 2635 522 2676 :
544 2605 611 2698 ἐγώ
631 2612 667 2677 δὲ
690 2620 755 2676 cett
757 2661 919 2677 ......
943 2612 1060 2696 δέομαι
1080 2601 1183 2695 ὑμῶν,
1206 2597 1235 2676 ὦ
1255 2600 1373 2697 ἄνδρες

184 2727 187 2742 “
277 2710 424 2788 ἀνοσίων
446 2718 552 2807 ἔργων
572 2720 730 2805 τιμωροί,
753 2710 856 2786 ὁσίων
886 2719 923 2785 δὲ
951 2712 1191 2804 διαγνώμονες,
1221 2711 1265 2804 μὴ
1295 2715 1372 2804 ἔργα

197 2891 199 2896 .
278 2821 406 2913 φανερὰ
434 2817 503 2893 ὑπὸ
533 2830 683 2913 πονηρᾶς
714 2819 827 2911 λόγων
855 2815 1024 2914 ἀκριβείας
1043 2825 1247 2902 πεισθέντας
1266 2825 1374 2911 ψευδῆ

192 3015 197 3022 Ι
277 2927 339 3020 τὴν
370 2923 536 3019 ἀλήθειαν
566 2927 636 2998 τῶν
666 2934 893 3020 πραχθέντων
924 2925 1129 3020 ἡγήσασθαι·
1167 2924 1188 3019 ἡ
1218 2932 1280 3017 μὲν
1309 2925 1372 3018 γὰρ

175 3079 180 3090 ·
277 3034 480 3126 πιστότερον
500 3031 521 3126 ἢ
541 3031 770 3127 ἀληθέστερον
790 3031 1007 3126 συγκεῑται,ἢ
1036 3041 1065 3106 d’
1079 3029 1293 3125 ἄδολώτερον
1316 3040 1373 3104 καὶ

258 3136 535 3233 Ια’δυνατοᾶτὲρον
555 3139 763 3234 λεχθήσεται.
818 3156 908 3234 pater
939 3148 1034 3210 occisi
1064 3154 1149 3228 orat,
1181 3168 1221 3211 ne
1251 3145 1371 3210 iudices

278 3253 566 3318 circumveniantur
588 3261 702 3340 arguta
716 3253 858 3318 oratione
872 3253 972 3339 patris
986 3252 1041 3317 rei.
1084 3253 1183 3318 verba
1199 3253 1372 3339 ,πεισθέν-

277 3350 556 3446 vag-tydaeus&
588 3361 724 3446 quaein
747 3360 856 3425 codice
879 3359 911 3425 N
933 3368 1069 3446 exstant,
1090 3370 1176 3426 recte
1198 3382 1233 3425 ae
1254 3361 1372 3426 habere

279 3488 375 3553 supra
384 3465 411 3554 ¹)
434 3465 579 3550 vidimus,
601 3466 686 3532 unde
701 3489 778 3532 vero
792 3467 935 3553 pendent
949 3465 1066 3533 verba:
1083 3465 1182 3554 ,ἔργα
1197 3462 1371 3554 φανερὲῢμΙ

277 3596 360 3669 quae
402 3574 532 3662 quidem
562 3573 690 3640 Franks
701 3576 729 3657 ¹)
772 3574 906 3657 delevit3
952 3572 1084 3662 Sauppe
1124 3582 1198 3662 post
1239 3575 1373 3640 verbum

188 3719 192 3730 ·
279 3682 518 3764 »πεισθένταῷ
542 3681 661 3747 addere
681 3681 782 3747 voluit
804 3670 1014 3767 „duovtout“,
1047 3681 1206 3768 Kayser⁵)
1230 3673 1372 3767 „duroto

277 3790 446 3872 νομίσαθ’,
488 3788 582 3854 Blass
625 3787 897 3875 ,ἐξαιρεθέντας“
947 3788 1017 3853 loco
1069 3789 1160 3854 verbi
1198 3788 1372 3874 „uetudin-

347 4094 368 4163 ¹)
387 4096 421 4146 ct.
439 4111 483 4162 pg.
501 4097 737 4162 st-utssl-rt.

346 4179 368 4247 ’)
386 4181 415 4232 in
433 4181 574 4234 annalibus
591 4183 656 4250 phil.
674 4189 701 4235 et
718 4184 828 4253 pssdag.
847 4184 899 4238 vol.
918 4180 959 4260 28,
977 4198 1021 4250 pg.
1041 4187 1082 4238 77.

346 4264 717 4337 ummmfflmn

1156 4360 1173 4410 5
