3194 4916
794 515 835 583 63

266 729 326 794 rim
348 751 355 791 :
380 722 469 807 „Das
492 719 615 786 (tefuht
638 718 694 784 des
715 719 909 788 Unreehts.“
953 740 993 782 ex
1015 713 1120 781 verbis
1142 724 1258 799 autem,
1280 735 1362 800 quae

268 837 356 900 initio
387 828 582 918 paragraphi
612 837 741 892 exstant
762 829 868 910 (,,τῶν
887 831 1018 911 μᾶλλον
1039 823 1076 890 ἐν
1097 818 1195 910 φόβῳ
1218 815 1363 905 ὅντων“)

269 942 428 1029 sequitur,
464 946 498 1001 ut
525 945 633 1001 nostro
663 956 790 1021 queque
811 934 881 998 loeo
904 934 1001 998 verbo
1022 926 1173 1016 ,,φόβος“
1193 931 1364 1014 significari

268 1071 333 1113 non
348 1046 457 1134 possit,
473 1045 589 1124 „timor
602 1041 733 1128 periculi
749 1041 781 1103 iu
803 1041 922 1104 scelere
943 1039 1165 1126 perpetrando·
1177 1037 1364 1117 subeundi‘,

269 1152 324 1218 aed
347 1153 463 1236 „timor
485 1151 542 1231 rei,
564 1169 605 1212 ue
626 1169 686 1233 per
706 1147 866 1211 inimicum
889 1146 981 1210 bonis
1007 1154 1039 1209 et
1067 1146 1171 1232 patria
1192 1146 1365 1231 privetur.“

269 1282 342 1326 cum
364 1280 459 1346 supra
480 1258 562 1320 inter
583 1277 617 1318 se
639 1255 776 1340 oppositi
809 1255 872 1317 aiut
898 1251 952 1335 „ei
974 1238 1075 1339 ἧσσον
1095 1245 1367 1328 airammum&

270 1379 301 1432 et
321 1364 375 1446 „ei
405 1368 535 1448 μᾶλλον
565 1361 603 1426 ἐν
632 1355 730 1447 φόβῳ
760 1351 886 1440 tavers
915 1361 1022 1424 verbis
1049 1364 1140 1440 „roba
1167 1364 1297 1445 μᾶλλον
1329 1357 1366 1424 ἐν

200 1503 211 1525 ⁸
270 1467 368 1558 φόβῳ
390 1463 522 1537 ὄντων(
541 1491 631 1533 reum
654 1467 834 1553 significari,
853 1449 912 1553 'qui
933 1468 1080 1549 timebat,
1109 1489 1150 1531 ne
1178 1489 1237 1553 per
1264 1467 1366 1530 inimi·

219 1565 221 1570 ,
271 1602 342 1645 eum
366 1579 469 1665 patria
490 1576 635 1640 ethonis
657 1575 847 1661 privaretur,
871 1559 1073 1638 manifestum
1096 1583 1153 1638 est.
1196 1573 1367 1638 Praeterea

270 1687 376 1750 verbis
409 1683 465 1765 „oi
500 1669 603 1769 ἧσσον
636 1675 1006 1766 κινδυνεύοντες“Ι
1037 1681 1233 1768 respondent
1268 1681 1367 1744 verba

271 1786 371 1878 „veria
398 1791 434 1857 δὲ
456 1782 533 1856 ὅτε
565 1789 789 1865 κίνδυνος“
810 1798 899 1873 cett,
922 1797 954 1852 et
984 1788 1091 1852 verbis
1121 1793 1213 1869 „ruba
1240 1793 1368 1874 μᾶλλον

272 1898 310 1965 ἓν
350 1891 448 1983 φόβῳ
491 1887 621 1962 <iratast
664 1895 860 1983 respondent
902 1895 1001 1960 verba
1044 1889 1143 1981 „wic
1170 1897 1245 1982 Ιμὲν
1279 1888 1299 1962 ὅ
1329 1920 1367 1962 τε

273 1999 411 2092 φόβος
432 1995 452 2068 i'
475 2027 512 2069 τε
534 1993 667 2069 ἄδικὶα“
688 2013 771 2085 cett,
794 2023 892 2089 quare
914 2004 1010 2068 etiam
1030 2004 1090 2068 hoe
1111 2003 1210 2068 verbo
1229 1999 1370 2091 ,,φόβῳ“
1422 2033 1424 2039 ·

272 2112 356 2178 idem
379 2112 551 2196 significari
574 2111 684 2193 debet,
715 2110 801 2195 quod
823 2120 935 2192 antea,
964 2113 984 2176 i.
1007 2133 1034 2175 e.
1056 2112 1151 2176 timor
1171 2113 1227 2194 rei,
1249 2133 1289 2176 ne
1310 2134 1369 2199 per

273 2221 432 2284 inimicum
463 2218 569 2305 patria
598 2227 630 2281 et
661 2218 751 2282 bonis
781 2220 942 2303 privetur,
973 2229 1082 2282 nostra
1114 2218 1253 2304 lingua:
1283 2221 1369 2301 „Die

276 2331 383 2413 Angst
404 2348 464 2390 vor
485 2325 557 2388 dem
583 2323 782 2408 Verfolger.“
833 2327 859 2388 ei
880 2348 958 2390 vero
981 2325 1079 2390 verbo
1099 2319 1250 2408 ,,φόβος“
1270 2326 1368 2410 signi-

273 2434 386 2498 ficatur
409 2455 416 2496 :
439 2432 511 2517 „die
541 2435 649 2516 Angst
678 2454 736 2494 vor
767 2431 839 2496 dam
871 2432 1073 2519 Verfolger‘,
1101 2433 1197 2497 etiam
1216 2422 1370 2512 ,,ἇδικία“

273 2563 344 2606 esse
365 2540 461 2605 debet
482 2561 490 2601 :
514 2538 588 2619 „die
611 2538 683 2602 dem
706 2538 933 2624 Angeklagten
963 2562 1028 2603 von
1062 2538 1133 2603 dem
1157 2539 1370 2605 Ermordeteu

275 2647 468 2736 zugefuegte
490 2645 737 2731 Beleidigung.“
779 2646 842 2709 iam
857 2655 1017 2710 vertamus
1034 2669 1041 2709 :
1057 2648 1153 2710 timor
1174 2647 1229 2731 rei,
1252 2669 1291 2712 ue
1313 2667 1371 2734 per

275 2754 437 2819 inimicum
466 2754 569 2840 patria
600 2763 632 2816 et
663 2753 753 2816 bonis
775 2753 956 2839 privaretur
977 2762 1073 2839 atque
1094 2753 1209 2818 iniuria
1230 2754 1259 2816 ei
1280 2763 1372 2819 antea

276 2884 333 2948 per
360 2860 448 2925 illum
477 2859 567 2924 illata
594 2881 658 2924 nou
688 2869 754 2924 tam
784 2863 891 2946 gravis
919 2869 1003 2942 erat,
1032 2870 1067 2925 ut
1089 2883 1161 2925 eum
1182 2861 1222 2924 ab
1244 2861 1371 2946 incepto

277 2977 444 3033 averteret.
478 2990 585 3033 nonne
598 2970 792 3032 eontrarium
803 2965 1027 3032 desideratur?
1058 2991 1139 3054 quae
1157 2991 1227 3033 eum
1239 2969 1284 3032 ita
1300 2970 1371 3050 aiut,

276 3083 312 3138 ut
323 3075 446 3140 Reiekii
456 3077 501 3138 ita
512 3071 677 3161 Spengelii
688 3075 868 3139 coniectura
880 3097 888 3137 ε
899 3068 1018 3161 „lauari
1027 3061 1078 3161 ἦν,
1087 3069 1133 3162 μὴ
1141 3080 1289 3142 ·παῦσαι“
1303 3077 1372 3140 reii-

278 3181 392 3246 eienda
413 3190 470 3246 est.
502 3190 603 3246 restat
613 3180 757 3245 Bekkeri
769 3184 951 3246 coniectura
972 3204 1055 3269 quae
1070 3186 1221 3269 optimum
1245 3205 1371 3247 sensum

276 3287 426 3374 praebet,
456 3297 679 3374 praeterquam
699 3288 786 3374 quod
801 3290 900 3354 verba
918 3292 1153 3376 ,,προθυμίας“
1175 3301 1206 3356 et
1226 3314 1371 3377 „upupp-

276 3395 481 3472 etafflfame
496 3395 647 3460 confundi
660 3404 817 3483 poteraut.
840 3418 902 3482 qua
913 3407 1042 3483 recepta
1053 3406 1152 3461 totum
1175 3399 1372 3462 enuntiatum

276 3504 310 3568 in
324 3512 466 3567 nostram
487 3501 630 3586 linguam
646 3511 806 3567 vertamus
830 3525 837 3566 :
860 3503 941 3585 „Bai
964 3503 1025 3568 den
1048 3507 1141 3569 einen
1160 3504 1194 3588 (i.
1217 3527 1243 3568 e.
1267 3506 1371 3586 reum)

278 3632 345 3674 war
376 3609 427 3673 die
459 3607 580 3672 Fureht
612 3631 671 3672 vor
699 3607 771 3673 dem
801 3610 973 3695 Verfolger
1003 3610 1068 3675 und
1099 3612 1154 3675 das
1183 3613 1278 3675 ihnen
1308 3633 1372 3675 ven

275 3714 383 3800 jenem
415 3717 608 3802 augefuegte
634 3715 777 3780 Unreeht
812 3717 962 3802 geeignet
994 3719 1088 3801 (oder
1120 3718 1207 3782 etarlr
1238 3719 1371 3803 genug)‚

278 3843 333 3885 um
354 3822 401 3886 sie
417 3821 494 3910 jede
514 3820 664 3886 Voraieht
685 3843 858 3906 vergeesen
880 3847 918 3887 zu
933 3825 1061 3908 ‘lassen3
1090 3825 1143 3889 bei
1166 3823 1227 3889 den
1249 3826 1371 3890 andern

279 3928 399 3991 reiehte
432 3928 482 3991 die
504 3928 562 3991 mit
582 3927 639 3990 der
671 3929 902 4014 Ausfuehrung
932 3931 1137 3997 verbundene
1161 3932 1284 4000 Gefahr
1306 3934 1371 3996 uad

281 4032 332 4096 die
345 4031 505 4114 Schande,
528 4034 578 4098 die
590 4035 735 4099 staerker
747 4057 820 4118 war,
843 4038 889 4101 ale
905 4039 956 4102 die
970 4037 1189 4123 Feindeehaft,
1211 4061 1304 4104 wenn
1327 4040 1372 4104 sie

281 4140 363 4205 auch
383 4140 526 4204 wirklieh
549 4141 599 4205 die
611 4141 745 4206 Absieht
765 4143 883 4228 hatten,
907 4145 957 4209 die
979 4145 1064 4210 That
1085 4169 1125 4211 zu
1148 4147 1284 4232 begehn,
1306 4146 1370 4228 hin,

280 4271 333 4314 um
347 4249 438 4312 ihren
451 4246 536 4312 Zorn
547 4269 587 4312 au
598 4247 853 4336 beeaenftigen.“
884 4273 946 4337 quo
958 4253 1026 4316 iure
1040 4253 1180 4336 Bekkeri
1193 4255 1372 4318 coniectura

280 4377 397 4421 nervos
429 4356 580 4418 orationis
612 4355 709 4419 incidi
738 4355 902 4422 Maetaner
942 4358 1074 4441 dixerit,
1111 4383 1175 4424 non
1207 4382 1370 4446 assequor,
