3194 4916
758 406 800 471 56

279 607 280 610 ’
314 606 471 689 Quoniam
493 607 589 692 igitur
610 603 715 670 codex
736 629 757 670 α
779 627 906 692 quoque
937 607 1150 692 compluribus
1178 607 1255 672 locis
1277 607 1323 672 in-

230 718 405 804 terpolatus
427 736 496 779 esse
519 713 723 795 convincitur,
744 712 874 776 minime
896 713 997 778 codex
1011 713 1039 777 B
1053 723 1184 800 propter
1204 735 1324 800 paucos

231 826 331 905 locos,
354 845 434 909 quos
457 842 552 906 supra
580 819 686 902 attuli,
720 819 821 883 codex
843 820 930 884 varie
956 820 1249 908 interpolationibus
1271 820 1324 885 de-

216 940 387 1020 ⁸pravatus
409 928 563 1016 appellari
584 937 700 1014 potest.
743 929 887 1014 profecto
904 926 1143 991 concedendum
1158 937 1206 992 est
1219 928 1326 993 multis

232 1040 319 1123 locis,
350 1037 403 1102 ubi
426 1037 499 1101 ΒΑ8
531 1044 641 1100 contra
670 1036 768 1120 Apr.
790 1033 823 1098 N
856 1055 947 1098 veras
976 1034 1129 1100 lectiones
1160 1035 1324 1121 praebent,

233 1145 351 1209 codicis
373 1144 400 1208 B
421 1143 584 1208 librarium
606 1163 647 1205 ex
669 1143 851 1205 coniectura
882 1162 935 1205 eas
962 1141 1054 1206 facile
1085 1143 1249 1206 restituere
1270 1166 1326 1229 po-

233 1253 340 1318 tuisse.
383 1249 440 1315 sed
461 1269 681 1336 comparemus
704 1270 757 1312 eos
779 1250 881 1333 locos,
911 1249 965 1334 qui
994 1249 1156 1313 codicibus
1177 1249 1205 1313 B
1228 1260 1260 1314 et
1280 1251 1325 1314 Α1

234 1369 343 1423 contra
363 1360 394 1423 A
416 1381 463 1444 pr.
485 1356 519 1421 N
548 1351 731 1420 communes
766 1365 848 1437 sunt,
879 1356 993 1442 quibus
1027 1357 1120 1420 Blass
1151 1357 1220 1442 ipse
1253 1379 1324 1421 een·

234 1467 297 1530 suit
348 1466 505 1550 duplicem
557 1463 721 1549 archetypi
759 1463 975 1526 recensionem
1016 1461 1215 1528 statuendam
1246 1485 1324 1527 esse.

233 1572 331 1636 veluti
363 1572 421 1638 IV.
434 1597 464 1638 α.
487 1572 507 1635 2
530 1595 537 1635 :
562 1560 758 1655 ,cigrmdelffi
780 1571 849 1636 loco
870 1571 962 1634 verbi
985 1559 1239 1655 ,risscmddvroc“,
1267 1569 1324 1635 VI.

234 1678 275 1744 22
296 1703 304 1743 τ
328 1675 475 1765 ,ἕτοιμοι
495 1674 581 1744 elem
609 1678 799 1763 interpolata
828 1697 899 1741 esse
926 1676 1083 1743 videntur.
1133 1677 1193 1741 hoc
1220 1687 1325 1744 autem

235 1788 330 1852 statui
351 1809 414 1851 non
437 1794 558 1873 potest,
587 1785 647 1848 nisi
677 1784 769 1848 Blass
798 1785 857 1848 sibi
879 1784 1079 1871 persuaserit,
1102 1786 1196 1848 etiam
1219 1787 1263 1849 Α1
1284 1807 1325 1851 ex

235 1895 414 1958 coniectura
436 1892 578 1957 codicem
599 1914 690 1956 suum
714 1893 886 1956 correxisse
907 1902 1004 1977 atque
1026 1914 1101 1956 casu
1122 1892 1258 1978 quodam
1280 1893 1326 1959 Al

235 2001 315 2064 etB
344 2003 525 2065 coniectura
556 1999 638 2062 idem
671 2001 840 2062 invenisse.
892 2020 1110 2085 comparemus
1141 2021 1238 2085 porro
1272 2022 1325 2064 eas

234 2108 397 2190 lectiones,
419 2129 498 2194 quas
520 2107 623 2170 codex
642 2105 670 2169 B
693 2105 790 2169 falsas
823 2105 956 2192 praebet
979 2114 1089 2170 contra
1109 2105 1183 2190 AN,
1211 2107 1325 2193 quibus

235 2237 341 2300 saepe,
363 2223 561 2278 unctantum
583 2212 688 2276 littera
709 2221 839 2294 mutata,
862 2214 954 2278 lectio
976 2215 1166 2302 primigenia
1179 2214 1326 2279 facillime

236 2322 358 2386 restitui
379 2331 514 2407 poterat.
565 2341 786 2407 comparemus
823 2320 959 2406 denique
996 2343 1050 2386 eos
1081 2322 1181 2407 locos,
1214 2323 1329 2408 quibus

235 2428 311 2492 ΒΑ2
340 2429 397 2492 soli
424 2429 590 2492 lectionem
622 2429 714 2492 unice
748 2449 858 2491 veram
880 2439 1096 2510 servaverunt,
1125 2431 1170 2494 ita
1191 2441 1226 2494 ut
1255 2451 1326 2493 eam

236 2538 417 2600 coniectura
438 2536 581 2600 invenire
603 2556 668 2598 non
690 2535 857 2621 potuerint.
902 2537 1064 2620 sequitur,
1097 2548 1133 2600 ut
1164 2539 1231 2602 iure
1253 2558 1325 2600 con-

235 2641 324 2705 tendi
345 2663 409 2706 non
432 2643 540 2727 possit,
563 2642 699 2728 pretium
721 2641 828 2705 classis
850 2645 871 2722 β
892 2641 959 2706 fere
990 2642 1110 2707 nullum
1138 2665 1216 2726 esse,
1239 2645 1326 2708 cuius

236 2750 268 2812 in
291 2747 451 2813 codicibus
473 2749 657 2834 saepissime
678 2750 938 2835 interpolationes
959 2751 1063 2817 factae
1085 2753 1158 2816 sint.
1202 2750 1326 2839 supra¹)

237 2856 543 2938 demonstravimus,
572 2853 696 2919 codices
730 2856 792 2921 AN
825 2858 892 2922 eive
927 2859 959 2922 A
981 2881 1027 2945 pr.
1061 2858 1093 2923 N
1125 2868 1246 2922 rectam
1277 2858 1327 2922 vel

237 2963 399 3027 meliorem
431 2962 599 3027 lectionem
631 2962 723 3027 nobis
756 2941 900 3029 servasse
929 2965 970 3029 80
997 2965 1083 3046 fere,
1123 2964 1266 3030 codicem
1298 2965 1325 3029 B

236 3072 305 3134 sive
326 3070 428 3135 solnm
450 3071 517 3133 sive
551 3091 621 3134 cum
654 3070 699 3134 A2
727 3054 769 3136 bl
802 3073 868 3136 fere
898 3073 994 3156 locis3
1023 3073 1074 3137 oui
1104 3074 1167 3137 iam
1200 3094 1327 3160 persua-

237 3199 305 3240 sum
322 3178 391 3260 erit,
412 3177 496 3240 hunc
514 3177 654 3241 codicem
669 3177 697 3241 B
714 3179 828 3242 nullius
843 3180 935 3266 pretii
951 3179 1046 3243 esse?
1088 3200 1169 3266 quae
1191 3203 1262 3244 cum
1285 3182 1329 3245 ita

238 3285 310 3364 sint,
333 3305 462 3348 normae
476 3306 534 3371 per
548 3285 691 3370 Hugium
701 3287 726 3368 ²)
743 3286 783 3349 ad
801 3295 901 3350 artem
916 3287 1057 3352 criticam
1074 3288 1105 3350 in
1121 3287 1328 3374 Antiphontis

238 3391 433 3455 orationibus
466 3390 676 3456 exercendam
708 3394 890 3479 propositae
921 3403 1007 3458 recte
1037 3416 1071 3458 se
1100 3393 1234 3478 habent,
1267 3395 1329 3458 nisi

237 3497 323 3585 qnod
346 3499 489 3564 codicum
512 3500 619 3564 classis
639 3523 668 3584 y,
690 3501 764 3586 quia
787 3523 827 3565 ex
848 3501 999 3566 codiccB
1020 3501 1179 3580 fluxerint,
1200 3503 1328 3566 omnino

237 3605 323 3671 nulla
343 3607 425 3672 ratio
446 3607 595 3672 habenda
616 3607 684 3672 erit.
727 3607 784 3672 bas
799 3617 906 3672 autem
920 3629 1048 3673 normas
1063 3630 1148 3672 nova
1162 3608 1327 3674 collatione

238 3711 355 3777 codicis
376 3713 403 3776 B
425 3716 529 3799 magis
549 3715 706 3779 firmatum
728 3725 823 3802 atque
845 3717 980 3802 pretium
1003 3716 1095 3780 buius
1117 3715 1234 3780 codicis
1256 3737 1328 3780 auo·

156 3857 159 3864 ·
236 3829 304 3885 tum
326 3821 365 3885 iri
386 3821 462 3884 mibi
484 3843 670 3908 persuasum
693 3829 749 3886 est.
