3194 4916
777 503 819 567 27

701 593 898 600 --—--.-

248 709 336 771 varie
366 705 529 792 depravati
558 713 674 767 essent.
724 714 935 790 posteaquam
967 725 1044 767 vero
1072 703 1151 790 Hug
1179 705 1207 767 ei
1234 715 1343 789 persu-

249 815 355 897 asit¹)‚
377 814 510 877 classem
532 817 553 894 β
575 833 615 876 ex
638 811 746 875 codice
769 814 799 875 A
821 811 959 875 derivari
979 833 1043 874 non
1065 811 1216 898 potuisse,
1248 833 1344 897 quem

249 922 439 985 sententiam
454 941 550 1006 supra
562 919 689 982 firmare
704 916 818 1002 studui,
841 917 1043 982 nihilominus
1059 919 1189 1003 negavit
1202 918 1295 982 Blass
1306 920 1343 998 ²),

248 1027 409 1092 codicibus
442 1029 549 1092 classis
580 1032 602 1109 β
633 1025 730 1090 ullam
769 1027 989 1090 auctoritatem
1031 1024 1230 1090 tribuendam
1265 1048 1343 1109 esse,

249 1135 366 1221 quippe
399 1135 431 1197 in
464 1134 578 1219 quibus
611 1133 795 1220 saepissime
831 1131 1031 1219 interpolatio
1067 1141 1213 1216 grassata
1249 1141 1342 1198 esset.

248 1252 342 1328 atque
364 1243 404 1306 de
425 1243 534 1306 classis
554 1265 575 1326 γ
596 1240 759 1304 codicibus
782 1262 861 1328 quos
883 1239 1012 1326 quidem
1033 1261 1074 1304 ex
1096 1239 1203 1304 codice
1219 1239 1246 1302 B
1263 1240 1342 1304 deri·

248 1359 337 1414 vatos
369 1358 465 1435 atque
495 1348 704 1434 interpolatos
726 1369 805 1410 esse
838 1361 934 1433 supra
967 1347 1199 1430 demonstravi,
1231 1347 1343 1413 Blassii

249 1457 403 1521 sententia
436 1453 602 1542 probanda
634 1463 698 1538 est,
733 1453 787 1518 sed
825 1453 1015 1518 codicemB
1047 1453 1205 1518 immerito
1237 1455 1342 1519 multis

134 1618 138 1626 .
247 1564 325 1626 locis
346 1563 571 1649 interpolatum
592 1560 747 1648 appellari
761 1561 804 1626 ita
816 1583 902 1625 nunc
917 1560 1084 1625 ostendere
1099 1561 1174 1625 mihi
1188 1563 1221 1625 in
1237 1563 1342 1626 animo

249 1681 306 1752 est,
329 1679 363 1734 ut
381 1690 490 1734 omnes
512 1670 663 1733 lectiones
685 1668 826 1751 afferam,
849 1690 930 1753 quae
953 1667 992 1731 ad
1014 1667 1131 1733 Blassii
1152 1671 1343 1734 sententiam

247 1774 454 1841 refellendam
481 1776 612 1841 alicuius
634 1777 787 1840 momenti
809 1797 878 1840 esse
900 1777 975 1839 mihi
997 1777 1174 1840 videantur.

329 1912 379 1973 Ac
424 1910 559 1995 primum
606 1908 734 1994 quidem
781 1929 835 1972 eos
869 1909 955 1973 locos
1001 1907 1257 1992 consideremus,
1309 1909 1343 1972 in

247 2017 362 2102 quibus
387 2019 412 2082 Β
441 2040 513 2081 cum
543 2018 588 2080 Α1
619 2017 778 2081 consentit
807 2027 917 2081 contra
945 2017 976 2081 A
998 2039 1045 2101 pr.
1067 2014 1167 2100 N³):
1197 2014 1342 2079 omnibus

247 2125 296 2189 his
318 2124 394 2189 locis
419 2123 560 2211 duplices
581 2124 733 2188 lectiones
756 2125 788 2186 in
811 2123 984 2209 archetypo
1012 2124 1153 2186 omnium
1183 2122 1342 2186 communi

247 2232 355 2314 fuisse,
377 2231 507 2314 Blass⁴)
524 2231 678 2316 etflug⁶)
696 2231 960 2295 demonstrarunt.
1003 2253 1138 2317 quarum
1162 2221 1233 2293 cum
1246 2228 1341 2293 libra·

246 2340 311 2404 rius
334 2339 450 2404 codicis
472 2363 493 2404 α
515 2348 682 2424 utramque
704 2339 870 2424 reciperet,
892 2336 1008 2402 codicis
1030 2338 1058 2402 B
1079 2359 1176 2401 unam
1199 2338 1341 2420 eligeret,

247 2448 372 2511 codices
387 2448 416 2510 A
431 2469 479 2533 pr.
492 2445 523 2510 N
539 2446 667 2510 fortuito
683 2445 819 2510 eandem
830 2445 997 2509 lectionem
1009 2444 1165 2531 praebent
1175 2453 1207 2508 et
1221 2463 1341 2507 correc-

247 2564 296 2619 tor
311 2556 356 2618 Αι
369 2577 409 2619 ex
420 2578 441 2619 α
453 2555 601 2617 correxit.
633 2552 749 2639 quodsi
770 2553 867 2638 igitur
888 2552 981 2615 lectio
1004 2551 1121 2614 codicis
1136 2551 1164 2613 B
1180 2551 1211 2614 in
1234 2549 1342 2614 arche·

246 2671 324 2747 typo
347 2663 486 2725 omnium
511 2662 670 2725 communi
697 2661 791 2725 infuit
818 2681 922 2748 neque
951 2681 991 2723 ex
1013 2684 1033 2725 α
1055 2681 1159 2745 neque
1181 2681 1221 2722 ex
1243 2659 1288 2720 A1
1309 2657 1340 2720 in

246 2770 387 2833 codicem
420 2768 448 2832 Β
479 2770 624 2854 irrepsit,
657 2768 819 2854 sequitur,
852 2777 887 2831 ut
919 2769 951 2830 in
983 2766 1130 2831 omnibus
1161 2765 1342 2829 huiusmodi

245 2876 400 2963 exemplis
412 2877 582 2941 codicemB
594 2877 775 2962 suspicione
791 2875 1041 2962 interpolationis
1052 2874 1178 2938 liberari
1191 2874 1341 2936 dicamus.

246 2982 347 3066 Elaos,
360 2985 412 3068 qui
425 2984 557 3048 classem
569 2986 651 3047 hanc
663 2984 767 3047 littera
775 3007 796 3048 α
808 2980 1006 3065 significavit,
1019 2980 1185 3044 duodecim
1197 2979 1342 3064 exempla

244 3091 410 3176 profertss),
433 3115 568 3179 quorum
600 3091 639 3156 de
661 3091 743 3158 1111.
766 3093 783 3156 1
807 3092 939 3156 iudicari
962 3114 1024 3156 non
1046 3099 1163 3176 potest,
1193 3088 1267 3175 quia
1287 3109 1341 3151 ne·

314 3397 335 3466 ¹)
354 3415 435 3465 supra
451 3416 494 3466 pg.
513 3401 537 3451 5.
898 3453 901 3458 .

313 3499 336 3570 ¹)
355 3503 389 3552 cf.
407 3503 504 3553 Philol.
522 3503 631 3570 Anaeig.
649 3504 703 3569 1v.‚
720 3521 763 3571 pg.
783 3509 845 3570 387,
871 3507 905 3556 cf.
924 3503 1005 3557 etiam
1030 3518 1073 3568 pg.
1093 3507 1155 3562 3893
1181 3515 1245 3563 „vor
1262 3515 1341 3564 allam

244 3591 351 3639 mtissen
368 3589 417 3639 wir
433 3589 504 3640 nach
533 3590 633 3639 meiner
649 3590 813 3656 Auffassung
830 3591 1061 3644 unbeschrltnktes
1078 3595 1237 3647 Misstrauen
1255 3599 1342 3665 hegen

244 3689 330 3740 gegen
348 3674 390 3725 die
408 3675 588 3740 interpolierte
607 3675 697 3726 Classe
714 3677 757 3744 β.“

313 3775 335 3844 ⁸)
353 3779 429 3830 Blass
451 3784 478 3829 et
502 3780 567 3844 Hug
592 3780 686 3831 dicunt
703 3797 710 3829 ι
730 3783 766 3849 ,β
786 3778 821 3830 A¹
840 3788 932 3832 contra
949 3784 974 3833 A
991 3800 1029 3849 pr,
1046 3784 1095 3836 N“.
1136 3787 1195 3838 loco
1214 3789 1305 3840 classis
1323 3793 1343 3858 β

244 3879 348 3930 semper
364 3881 437 3915 nunc
455 3866 573 3916 codicem
590 3868 612 3916 B
629 3867 668 3917 ita
685 3883 770 3932 pono,
798 3873 829 3918 ut
847 3868 870 3918 si
893 3870 999 3934 quando
1023 3872 1116 3922 classis
1133 3891 1151 3941 γ
1169 3889 1231 3924 cum
1248 3876 1269 3924 B
1287 3892 1340 3926 non

244 3951 384 4015 consentit,
402 3951 453 4002 hoc
471 3951 576 4003 disertis
594 3952 684 4004 verbis
702 3967 909 4006 commemorem.

311 4052 334 4120 ⁴)
353 4055 402 4106 Rh.
420 4058 457 4107 M.
474 4056 593 4122 xxm,
611 4072 654 4124 pg.
675 4061 731 4110 100.

312 4155 334 4224 ⁵)
352 4158 418 4225 Hug
434 4175 478 4225 pg.
498 4163 537 4209 14.

311 4257 334 4329 ⁶)
352 4262 401 4313 Rh.
420 4263 455 4314 Μ.
474 4263 592 4329 ΧΧ1ῙΠ.,
610 4279 654 4331 pg.
674 4267 730 4316 100.
