3194 4916
803 469 845 536 52

275 670 406 758 Sauppe
415 672 441 756 ¹)
463 671 597 736 coniecit
617 671 847 757 Antiphontem
868 657 1111 754 ,,τοῦναντίον“
1131 670 1305 757 scripsisse.

356 778 397 842 V.
419 779 460 844 69
481 803 490 844 c
512 781 542 843 A
563 801 611 867 pr.
631 777 692 843 N:
713 767 963 858 ἀποθανόντος,
984 778 1060 844 ΒΑ*
1081 801 1089 842 :
1111 767 1297 857 ἀπέθανον,

275 910 382 995 (simili
404 911 524 974 ratione
545 909 607 974 111.
619 934 648 994 y.
670 911 690 974 6
712 932 720 973 t
749 913 780 975 A
803 934 849 998 pr.
871 909 903 973 N
925 933 933 974 ε
954 899 1229 989 ἀποκτείναντος,
1261 909 1337 974 ΒΑς
1359 932 1368 973 :

273 1008 463 1101 ἀπέκτεινε)
477 1042 485 1101 3

736 1156 746 1182 ‚
850 1097 1062 1180 Βεὲαυτοῦ,

355 1165 395 1233 V.
414 1169 457 1234 69
478 1193 486 1233 ε
507 1171 537 1233 A
559 1190 597 1255 pr
617 1167 651 1232 N
673 1190 681 1232 :
702 1171 818 1247 αυτοῦ,
838 1207 882 1271 A²

897 1198 1043 1287 cadrei),

370 1373 389 1407 „
422 1325 492 1389 75:
522 1374 543 1408 ‚‚
574 1373 593 1407 „
628 1372 648 1406 ‚‚
671 1347 678 1388 :
700 1325 757 1390 καὶ
787 1317 1052 1402 κινδυνεύσεται,
1094 1321 1170 1386 ΒΑς
1190 1344 1198 1384 z
1219 1321 1367 1387 κεκινδυ-

511 1427 671 1498 νεύσεσαι.

354 1538 491 1618 Restant
522 1561 579 1604 sex
611 1538 687 1622 loci,
728 1537 892 1624 quibusB
925 1559 996 1601 cnm
1029 1537 1059 1600 A
1093 1556 1173 1599 corr.
1207 1533 1366 1598 consentit

273 1655 383 1710 contre
405 1649 435 1708 A
455 1668 504 1731 pr.
526 1645 568 1728 N,
589 1646 633 1709 its
654 1655 688 1709 ut
709 1643 897 1726 nesciemus,
919 1655 991 1707 utre
1012 1665 1109 1706 manu
1127 1640 1259 1707 mutatio
1281 1641 1366 1706 faeta

272 1755 320 1818 sit
370 1753 484 1838 quibus
516 1774 588 1816 cum
620 1751 786 1834 omnibus,
818 1760 946 1838 praeter
966 1750 992 1814 I.
1015 1749 1100 1836 hyp.⁷
1132 1749 1225 1813 lectio
1246 1747 1364 1812 codicis

272 1861 301 1922 A
322 1883 370 1946 pr.
393 1880 485 1924 erese
505 1862 555 1941 sit,
578 1861 633 1923 vix
654 1881 794 1945 unquam
816 1858 953 1922 discerni
973 1879 1068 1944 posse
1089 1857 1231 1939 videtur,
1259 1865 1363 1920 utrum

270 1967 317 2031 Al
337 1989 378 2030 cn
400 1967 446 2031 Α2
467 1966 638 2032 correxerit
660 1987 667 2028 :

351 2073 377 2138 I.
400 2075 476 2160 hyp.
499 2095 507 2136 :
529 2075 559 2138 A
580 2093 629 2158 pr.
652 2094 660 2135 ε
681 2065 826 2156 πώματι,
911 2073 942 2135 A
973 2094 1053 2136 corr.
1086 2071 1144 2136 B:
1179 2065 1362 2156 ἐκπώματι,

538 2245 543 2256 ,
598 2179 630 2243 Ν
652 2201 660 2243 2
681 2173 819 2263 πόματι,
891 2178 939 2262 (Μ
962 2202 970 2243 :
992 2173 1183 2264 ὲκπόματι),

268 2313 403 2390 utreque
423 2305 516 2369 lectio
537 2305 666 2391 probari
687 2327 781 2391 posse
811 2304 947 2384 videtur,
977 2327 1051 2369 nem
1074 2327 1232 2370 venenum
1255 2314 1287 2369 et
1310 2306 1361 2391 „in

267 2412 419 2498 potione“
440 2422 472 2476 et
493 2414 545 2498 „in
559 2412 691 2499 peculo“
715 2410 783 2475 deri
797 2421 930 2498 poteret,
962 2433 1060 2496 quere
1089 2413 1116 2475 si
1143 2413 1189 2477 Αἳ
1217 2412 1362 2496 correxit,

267 2519 354 2583 nulla
369 2529 554 2603 censuerat,
577 2542 633 2583 cur
647 2542 687 2585 ex
702 2521 884 2583 coniectura
903 2520 937 2582 in
960 2517 1067 2583 codice
1082 2518 1110 2582 B
1132 2519 1265 2586 uerbum
1283 2519 1359 2606 »ἐϋ

1100 2624 1138 2691 ἐκ

267 2705 444 2772 adderetur.
490 2709 681 2794 archetypus
704 2709 888 2794 praebuisse
911 2706 1061 2772 videtur:
1085 2702 1308 2794 „dvucduuss“,
1329 2718 1361 2775 et

264 2835 323 2900 pro
350 2814 484 2879 lectione
506 2809 717 2900 „dxnduutffl
743 2815 848 2880 afferri
870 2824 997 2902 potest,
1030 2815 1114 2901 quod
1136 2819 1156 2896 ὅ
1178 2817 1219 2881 23
1241 2815 1359 2882 dictum

265 2931 332 2986 est:
357 2917 679 3010 ,μεταχειριζόμενοι
698 2917 761 2990 τὸν
782 2921 914 2990 ἑαυτῶν
935 2924 1062 3006 φονέαα
1085 2926 1104 2987 i.
1128 2945 1154 2987 e.
1180 2921 1357 3010 „dxswuff

265 3031 422 3115 poculum.

346 3135 371 3199 I.
393 3137 414 3200 9
436 3159 443 3199 :
466 3138 498 3202 A
519 3159 566 3223 pr.
588 3137 618 3200 N
642 3159 650 3200 :
671 3130 798 3223 ταύτην
817 3160 865 3217 τε,
887 3139 918 3201 Α
940 3159 1020 3201 corr.
1043 3136 1071 3200 B
1095 3161 1102 3202 :
1123 3131 1250 3224 ταύτην
1257 3164 1269 3218 ;

264 3242 355 3306 lectio
377 3241 519 3308 codicum
543 3245 575 3309 A
597 3267 643 3330 pr.
660 3245 691 3308 N
714 3243 928 3331 praeferenda
950 3267 1020 3309 esse
1042 3244 1177 3326 videtur,
1199 3247 1273 3332 quin
1288 3267 1356 3310 ver·

263 3347 338 3412 bum
362 3349 437 3433 „ts“
455 3350 578 3414 facilius
591 3351 779 3415 intercidere
803 3373 897 3436 quam
923 3352 1062 3438 irrepere
1081 3361 1213 3438 poteret,
1236 3353 1356 3417 etiamsi

263 3455 294 3518 in
317 3477 364 3540 eo,
387 3455 471 3543 quod
495 3456 668 3520 subiectum
693 3455 796 3521 denuc
819 3459 1005 3522 mutandum
1022 3468 1079 3542 est,
1101 3459 1207 3544 aliqua
1222 3459 1356 3524 offensio

261 3563 352 3626 inest.

341 3668 399 3736 IV.
409 3675 441 3752 β.
462 3670 482 3734 2
505 3693 511 3734 :
534 3672 564 3734 A
585 3693 632 3757 pr.
655 3669 686 3734 N
709 3693 716 3735 :
738 3663 867 3758 πότερα
889 3662 950 3753 ἄν,
984 3673 1016 3737 Α
1038 3695 1117 3738 corr.
1152 3663 1247 3739 BA>
1267 3683 1353 3739 recte

548 3778 730 3859 omiserunt,

339 3882 437 3948 IV.d.
458 3885 480 3948 4
501 3905 508 3946 :
531 3885 562 3948 A
582 3906 630 3969 pr.
653 3883 685 3949 N
708 3905 715 3947 :
737 3875 862 3970 iiadd„
885 3887 916 3950 A
937 3908 1017 3950 corr.
1040 3886 1068 3950 B
1092 3896 1179 3951 recte
1201 3909 1273 3969 om.‚

257 3989 389 4054 verbum
412 3981 471 4078 „W
493 4000 623 4078 propter
653 3992 786 4056 verbum
820 3993 985 4077 „udiiost
1019 3994 1213 4058 antecedens
1245 3994 1355 4079 negle-

328 4257 347 4325 ¹)
367 4259 464 4325 Snnpp.
482 4266 582 4326 quaest.
602 4277 645 4328 pg.
663 4263 688 4312 5.
