3194 4916
781 505 823 568 44

700 593 899 602 *-

331 705 371 770 V.
396 706 433 770 17
455 726 463 768 ε
486 704 518 770 A
538 726 586 791 pr.
610 726 618 770 r
643 692 813 791 ὠφελῆσαι
833 708 896 770 τοῦ
916 698 1061 789 κόσμου,
1093 702 1127 768 N
1148 726 1157 768 r
1178 692 1348 788 ὠφελῆσαι

488 811 587 877 τοῦδε
616 805 762 896 κόσμου,
789 811 817 875 Β
840 833 848 874 2
871 801 1069 898 ὠφελῆσθαι
1081 809 1126 895 (¹2)
1154 811 1254 876 τοῦδε
1284 813 1348 876 τοῦ

489 911 610 1003 νόμου,
642 919 753 983 Aut:
784 908 990 1001 ὠφελεῖσθαι
1016 920 1116 986 τοῦδε
1136 921 1199 983 τοῦ
1219 911 1350 1002 νόμου,·

248 1023 399 1088 hocloco
427 1024 502 1110 quid
533 1024 635 1090 codex
656 1024 684 1088 Β
706 1025 859 1110 praebeat
880 1026 1093 1108 nescimusu,
1122 1045 1228 1110 neque
1255 1024 1346 1089 lectio

249 1133 434 1196 comestoris
457 1133 500 1196 A8
521 1142 608 1198 curta
630 1141 695 1212 est,
728 1155 802 1197 nam
824 1134 870 1197 A’
901 1132 1075 1200 secundum
1097 1131 1284 1197 Bekkerum
1317 1140 1348 1196 at

249 1238 441 1303 Dobsonum
468 1239 633 1325 praebat:
659 1229 913 1326 „turturum
947 1241 1123 1306 seeundum
1153 1238 1347 1318 Blassium²)

249 1354 284 1408 et
303 1344 481 1430 Rugum)
505 1369 512 1409 :
536 1335 802 1431 ,ὥφελεῖσθαι“;
832 1347 978 1431 Bekkur‚
1008 1369 1079 1414 cum
1109 1346 1149 1411 du
1178 1346 1288 1410 codice
1317 1345 1348 1407 A

249 1451 361 1516 falsum
395 1454 610 1535 adnotaverit,
643 1455 738 1518 stiam
771 1455 810 1517 de
843 1453 960 1518 codicis
993 1453 1020 1519 B
1054 1453 1190 1518 lectione
1222 1473 1347 1516 errasse

248 1558 382 1641 videtur,
404 1561 591 1646 praesertim
614 1583 685 1626 eum
707 1561 767 1625 hoo
789 1583 852 1625 uuo
875 1561 944 1625 loeo
967 1560 1012 1626 Α2
1034 1582 1106 1625 uum
1125 1583 1147 1644 γ
1168 1559 1348 1624 consentire

250 1675 359 1730 contra
381 1665 409 1729 B
431 1689 495 1730 uon
518 1668 558 1732 sit
578 1668 757 1747 verisimile,
783 1690 881 1754 quara
903 1668 935 1731 in
952 1668 979 1730 B
996 1689 1122 1754 quoque
1143 1667 1248 1730 inesse
1269 1665 1348 1730 mihi

249 1772 376 1838 videtur
397 1798 404 1838 :
428 1764 682 1858 „straturum
738 1776 819 1840 duae
842 1785 948 1840 autum
970 1775 1122 1844 lectiones
1151 1781 1183 1837 et
1204 1772 1346 1838 codicum

249 1881 281 1946 A
302 1904 349 1968 pr.
373 1880 404 1946 N
426 1891 457 1946 et
478 1880 554 1946 BA²
575 1892 742 1970 corruptae
766 1893 847 1947 sunt.
903 1882 1002 1947 verba
1029 1883 1112 1946 euim
1147 1881 1265 1962 ,τοῦδε
1285 1883 1349 1945 τοῦ

249 1981 375 2072 νόμου“
397 1989 477 2053 falsa
500 2012 570 2054 essa
591 1999 688 2078 putat,
719 1992 793 2076 quia
815 1990 868 2054 lex
890 1991 960 2077 ipsa
980 1989 1075 2055 huius
1097 1989 1250 2052 enuntiati
1275 1987 1347 2051 sub-

249 2097 364 2160 iectum
394 2105 442 2160 est
468 2118 574 2183 neque
602 2096 695 2162 huius
717 2099 762 2161 rei
784 2120 882 2162 causa
904 2096 977 2162 addi
1000 2105 1155 2184 poterat:
1179 2087 1242 2180 ,μὴ
1262 2083 1347 2176 οἰφε-

249 2209 382 2270 λεϊσθαι
408 2205 509 2270 τοῦδε
536 2209 598 2270 τοι
619 2199 756 2289 οόμου.“
811 2227 906 2291 quam
937 2203 1147 2291 corruptelam
1181 2210 1347 2266 sanaturus

250 2312 343 2376 Bluss
374 2333 413 2376 ex
443 2312 576 2376 lectione
604 2312 746 2376 codicum
777 2315 808 2377 A
831 2335 878 2400 pr.
902 2312 933 2377 N
955 2321 1064 2399 patere
1087 2311 1164 2374 dicit
1187 2309 1346 2395 ,δέσμου“

249 2420 346 2483 fuisse
378 2419 447 2482 loco
478 2419 568 2483 verbi
600 2413 765 2505 ,κόσμου“
794 2429 826 2484 et
856 2419 984 2484 coniicit
1013 2441 1021 2482 ε
1052 2408 1257 2500 ,ἀφελέσθαι
1286 2419 1349 2481 τοῦ

250 2527 401 2611 δέσμου“,
423 2526 527 2590 miuus
542 2536 636 2609 recte,
661 2527 719 2591 etsi
742 2528 876 2591 verbum
898 2516 1135 2612 „durats'uAac“,
1158 2525 1291 2588 sirecte
1314 2535 1348 2586 su

250 2635 392 2716 haberet,
414 2635 544 2722 propjus
567 2633 607 2698 ad
630 2634 797 2699 lectionem
820 2633 937 2698 codicis
953 2633 980 2697 B
995 2632 1172 2712 accederet,
1195 2652 1291 2717 quam
1307 2628 1348 2693 ad

250 2743 280 2805 A
302 2764 350 2829 pr.
366 2739 407 2824 N,
431 2764 505 2805 nam
527 2764 568 2808 ex
583 2741 682 2806 verbo
700 2740 894 2822 ,ἐμέλησέ
912 2743 1040 2807 omnino
1056 2741 1161 2805 nullus
1175 2738 1347 2803 infinitivus

252 2848 391 2935 pendere
413 2856 537 2934 potest3
559 2848 695 2913 fortasse
717 2858 815 2913 erat:

551 2974 613 3066 ,μὴ
634 2971 840 3065 ὠφελεῖσθαι
861 2981 1066 3068 δοναμένῳ“,

252 3119 382 3202 „sodass
409 3121 489 3186 auch
516 3121 584 3185 dies
605 3121 687 3186 allen
712 3123 929 3205 gemeinsame
953 3122 1072 3188 Gesetu
1093 3121 1146 3185 bai
1169 3121 1230 3184 mir
1252 3118 1346 3182 allein

250 3315 444 3324 ———-

251 3430 315 3495 quia
333 3445 366 3480 ux
384 3429 531 3479 Mautzuari
547 3429 652 3480 silentio
669 3435 750 3494 patet,
769 3427 888 3480 codicem
905 3432 929 3482 N
946 3431 1089 3496 praebere:
1109 3427 1190 3496 εἰμὴ
1208 3425 1350 3495 παρεφρό-

252 3533 328 3571 νουν.
364 3520 465 3565 restant
482 3515 566 3580 igitur
583 3515 634 3566 tria
652 3516 773 3582 exempla
790 3516 882 3582 Hugii,
901 3517 999 3580 quibus
1016 3517 1068 3566 tria
1086 3515 1154 3566 addo
1171 3533 1179 3565 ι

319 3600 363 3650 1v.
373 3619 398 3668 y.
418 3603 433 3650 6
452 3619 458 3650 :
476 3594 643 3664 A120ttrug,
662 3605 724 3650 cett.
738 3593 834 3666 οὗτος,
850 3603 881 3652 V.
897 3605 928 3653 10
942 3599 1036 3667 (locus,
1055 3617 1135 3666 quam
1146 3596 1349 3664 tractavimus„

250 3685 281 3735 V.
301 3689 333 3736 18
352 3704 359 3736 ι
377 3685 414 3736 A¹
430 3705 437 3737 ε
456 3685 577 3751 τούτοις,
597 3690 658 3736 cett.
678 3693 752 3751 τοῖς;
770 3688 801 3737 V.
821 3691 853 3738 28
873 3705 879 3738 :
897 3684 958 3738 Δί
979 3682 1182 3754 ὁμολογοῦσιν,
1201 3689 1263 3735 cett.
1284 3679 1349 3750 ὃμο-

250 3844 382 3909 λογῶσιν,
409 3842 453 3891 VI.
474 3842 506 3890 15
524 3858 530 3890 r
548 3840 573 3889 A
591 3858 597 3889 :
616 3791 748 3907 ἀγάμείὲν,
769 3857 831 3906 ergo
850 3842 884 3891 A'
904 3859 910 3891 :
929 3839 1041 3909 ἀγάμου
1068 3841 1093 3893 Ν
1112 3857 1118 3889 :
1136 3835 1234 3906 ἀγάγω
1252 3833 1277 3904 ἢ,
1300 3836 1322 3885 Β
1341 3852 1348 3885 =

249 3924 378 3994 ἀγαγών;
394 3927 439 3976 VI.
458 3928 515 3976 49:
534 3926 558 3975 A
575 3941 612 3991 pr.
632 3943 638 3975 :
657 3921 889 3992 ἐγραμμάτευον,
908 3923 943 3976 A¹
963 3943 970 3976 z
990 3921 1258 3993 ἐπεμραμμάτεοον,
1286 3924 1349 3971 cett.

250 4007 515 4079 tuaypuuuutssvor.

320 4094 340 4162 ¹)
359 4096 394 4146 uf.
414 4112 457 4161 με.
478 4096 518 4145 25.

320 4178 342 4247 ¹)
361 4181 409 4230 Rh.
428 4183 497 4231 Mus.
515 4181 633 4244 xxm,
652 4197 695 4248 pg.
710 4183 750 4231 94.

319 4263 341 4335 ’)
359 4259 425 4331 nug
442 4281 484 4337 ut·
504 4270 528 4317 ⁸·
