3194 4916
715 455 910 550 ...Q

262 652 294 718 N
316 654 433 718 codicis
453 652 611 737 librarius,
634 675 705 718 eum
726 675 789 718 non
812 652 1021 738 intellegeret,
1045 645 1257 738 „modrrmoc“
1278 653 1359 716 iniu-

263 762 310 826 ria
331 761 364 824 in
383 760 601 843 indicativum,
622 784 643 845 γ
662 762 693 824 in
718 754 980 847 „elonoa'noooffl
1003 761 1137 823 mutavit
1159 760 1181 842 ).

346 866 563 946 Quamobrem
598 868 780 954 ubieunque
811 867 872 932 AB
909 868 1111 932 consentiunt
1152 875 1262 930 eontra
1296 865 1359 951 Ny,

264 974 389 1039 oodioee
411 974 496 1040 Aet
528 974 556 1038 B
587 973 754 1040 lectionem
788 973 952 1061 archety'pi
985 973 1077 1037 nobie
1110 982 1359 1059 repraesentent,

263 1104 335 1145 oum
357 1080 389 1146 N
411 1091 443 1146 et
463 1105 483 1165 y
504 1081 631 1145 fortuito
654 1084 759 1146 autin
781 1081 866 1146 idem
888 1082 1003 1145 vitium·
1014 1079 1189 1144 inciderent
1205 1089 1259 1144 aut
1273 1078 1359 1162 idem

168 1175 171 1179 ⁸
266 1190 449 1254 coniectura
470 1189 660 1252 invenirent.
704 1188 765 1252 hoe
787 1189 904 1253 laetum
921 1209 991 1253 eeeo
1005 1186 1131 1251 videtur
1153 1186 1255 1252 decem
1270 1187 1358 1269 loeis,

264 1298 297 1361 in
319 1297 443 1383 quibus,
467 1317 531 1359 uno
556 1305 702 1382 excepto,
724 1297 893 1380 nescimus,
915 1305 1020 1360 utrum
1043 1295 1105 1359 La
1127 1304 1218 1381 parte
1244 1294 1360 1359 codicis

264 1404 292 1468 B
315 1427 355 1468 an
378 1402 495 1467 eodiois
517 1403 552 1468 M
574 1412 644 1467 etet.

346 1510 480 1575 Duobus
501 1509 577 1572 locis
599 1509 690 1573 sedes
712 1509 884 1573 verborum
906 1509 1038 1574 fluctuat
1060 1531 1067 1572 :

265 1616 304 1680 V.
327 1618 367 1682 26
391 1639 399 1680 ι
422 1616 482 1680 AB
507 1639 514 1678 :
538 1615 700 1698 ἐνέβαλον
720 1606 823 1701 αὐτῷ,
846 1615 914 1680 ΝΜ
935 1638 943 1679 ι
966 1604 1060 1700 αι’τῷ
1082 1613 1253 1696 ἐνέβαλον,

265 1722 323 1788 VI.
346 1724 386 1788 43
409 1747 416 1787 :
435 1723 496 1789 AB
521 1747 528 1787 ι
549 1730 666 1808 μεῖζον
686 1717 821 1805 τούτου,
844 1722 913 1788 ΝΜ
935 1747 943 1787 :
965 1717 1092 1790 τούτου
1112 1729 1234 1808 μεῖζον.

347 1831 478 1916 Duobus
499 1854 593 1918 porro
615 1832 691 1896 loeis
713 1831 837 1896 codices
859 1832 918 1895 AB
940 1841 1027 1896 recte
1050 1853 1083 1894 se
1107 1831 1250 1896 habent:

266 1936 305 2000 V.
328 1937 370 2002 23
392 1959 400 2001 τ
422 1938 482 2003 ΑΒ
505 1961 512 2002 :
533 1939 761 2025 μετεξέβημεν,
784 1939 814 2002 Ν
819 1938 887 2019 M²l
911 1962 919 2002 τ
939 1938 1133 2024 μετέβημεν,

280 2091 299 2125 ,,
342 2093 361 2127 ,,
396 2066 404 2108 :
446 2094 466 2128 ‚,
510 2044 682 2130 :lxedd.,
807 2095 825 2128 ‚‚
911 2067 1003 2109 tom.

202 2189 204 2192 ·
266 2150 298 2215 N
320 2160 352 2214 et
372 2151 407 2216 M
428 2154 511 2216 forte
531 2153 563 2215 in
585 2152 668 2216 idem
691 2152 802 2216 vitium
823 2151 1010 2216 inciderunt.

349 2257 412 2323 Sea
434 2267 540 2322 autern
556 2259 633 2322 loeis
654 2259 806 2323 lectiones
828 2258 971 2323 codicum
985 2258 1045 2323 AB
1067 2257 1167 2322 falsae
1189 2266 1272 2339 eunt,
1288 2279 1360 2321 cum
1410 2291 1411 2296 κ

267 2361 299 2427 N
324 2373 355 2427 et
376 2365 411 2430 M
432 2365 489 2450 (ΙΙ.
502 2390 532 2431 α.
558 2367 595 2430 10
616 2365 648 2429 Ν
671 2376 701 2429 et
721 2368 754 2450 y)
776 2366 955 2430 coniectura
976 2364 1182 2430 emendarent
1204 2387 1211 2428 :

349 2471 394 2536 II.
406 2496 436 2537 α.
462 2474 501 2538 10
523 2496 530 2536 :
554 2473 613 2536 AB
635 2495 643 2536 ι
666 2472 913 2557 ἐξελέγχωνται,
935 2471 988 2558 Ny
1011 2495 1018 2536 ι
1040 2471 1277 2557 ἐξελέγχονται,

357 2577 497 2662 litet
520 2603 528 2644 ι
572 2628 590 2662 ,,
634 2603 737 2665 εμου,
883 2580 1043 2664 ΝΜιμε
1064 2587 1126 2665 (pr.
1149 2578 1325 2662 Μεμου),

375 2685 412 2750 V.
444 2686 486 2750 94
519 2708 527 2748 ε
569 2735 588 2767 ,,
632 2689 876 2773 ιΓαρθηλὶαιν,
912 2737 931 2771 ,,
975 2688 1211 2773 εθαργηλίων,

350 2790 408 2856 VI.
441 2793 482 2856 46
514 2814 521 2854 :
564 2841 583 2874 „
627 2793 694 2874 ιέξ
714 2779 772 2874 ὧν,
913 2844 933 2879 ,,
976 2787 1093 2874 τέξὸν,

354 2897 409 2960 VI.
444 2899 485 2962 49
518 2921 525 2961 :
569 2947 588 2982 „
631 2895 843 2987 ιιι-ράμματι,
916 2951 937 2985 ,,
980 2894 1186 2986 ταράγματι.

351 2996 469 3062 Omnia
491 3000 637 3085 exempla
660 3023 742 3087 quae
765 3001 854 3065 attuli
876 3001 900 3066 ei
928 3001 1164 3087 perlustramus,
1189 2999 1267 3066 duos
1293 3009 1361 3064 tan-

273 3114 343 3169 tum
364 3105 450 3169 locos
472 3105 667 3192 invenimus,
700 3109 816 3194 quibus
849 3109 1126 3194 interpolationem
1148 3109 1179 3172 in
1206 3108 1314 3171 codice
1335 3106 1362 3170 B

271 3211 390 3275 factam
412 3234 483 3276 aeae
506 3215 701 3299 argumentis
725 3215 800 3279 satis
822 3215 922 3280 firmia
944 3216 1135 3300 conprobari
1155 3223 1290 3301 potest:

351 3318 456 3404 IILy.
478 3319 545 3402 3³),
567 3321 621 3384 ubi
646 3331 677 3384 et
698 3321 731 3384 in
753 3322 861 3386 codice
883 3321 915 3385 N
948 3331 980 3386 et
1007 3324 1040 3386 in
1063 3321 1171 3386 codiee
1194 3321 1221 3383 B
1244 3320 1361 3406 aliquid

268 3424 490 3512 interpolatum
513 3448 581 3490 esee
604 3428 774 3493 verisimile
796 3439 845 3492 eet
867 3437 899 3493 et
919 3428 977 3492 IV.
990 3429 1017 3494 o.
1040 3428 1118 3508 6⁴),
1141 3429 1195 3492 nbi
1215 3429 1362 3493 librarius

271 3531 438 3596 eodieieB
470 3533 564 3597 facile
595 3535 787 3621 interpolare
818 3537 922 3622 potuit
953 3543 1085 3622 propter
1105 3535 1238 3598 verbum
1261 3526 1363 3622 „tioro-

274 3638 475 3725 δεέστερος“.
519 3641 558 3704 de
579 3649 728 3727 quattuor
751 3651 856 3706 autem
877 3641 955 3705 loeis
976 3643 1096 3728 ambigi
1117 3652 1224 3729 potest
1244 3665 1251 3706 :

339 3920 359 3989 ¹)
378 3922 443 3988 Hug
460 3935 503 3990 pg.
523 3927 566 3987 2⁰3
595 3926 629 3975 ef.
647 3926 727 3976 etiam
744 3925 775 3975 V.
795 3928 827 3976 96
845 3945 852 3976 2
870 3927 916 3976 AB
934 3944 941 3976 ι
959 3918 1053 3990 ἔσται,
1075 3921 1220 3990 Νιέστὶ,
1247 3918 1363 3994 μέσται

268 4006 358 4060 omisit
376 4005 410 4073 (N
428 4010 527 4060 erravit
544 4015 650 4077 propter
668 4003 732 4077 ἔτι),
749 4012 793 4061 VI.
814 4014 845 4062 26
864 4030 870 4062 :
888 4012 934 4061 AB
954 4029 960 4061 r
980 4027 1021 4073 σε,
1039 4013 1088 4064 N:
1106 4029 1147 4079 γε,
1165 4029 1184 4079 y
1202 4029 1209 4061 ι
1228 4027 1279 4061 orn.

338 4091 359 4160 ²)
378 4093 500 4145 similiter
516 4096 547 4145 V.
567 4099 598 4145 22
618 4095 842 4147 confunduntur:
859 4096 1016 4165 μετάβασις
1033 4102 1060 4147 et
1075 4093 1254 4166 μετέκβασις,

340 4176 362 4246 ⁸)
381 4179 415 4230 cr.
433 4195 476 4246 pg.
496 4183 732 4245 31-32,41-42.

335 4262 358 4331 ⁴)
376 4281 420 4332 re·
437 4268 478 4319 4³·
662 4253 663 4256 '
