<?xml version="1.0" encoding="UTF-8"?>
<!DOCTYPE html PUBLIC "-//W3C//DTD XHTML 1.0 Transitional//EN"
    "http://www.w3.org/TR/xhtml1/DTD/xhtml1-transitional.dtd">
<html xmlns="http://www.w3.org/1999/xhtml" xml:lang="en" lang="en">
 <head>
  <title>
</title>
<meta http-equiv="Content-Type" content="text/html;charset=utf-8" />
  <meta name='ocr-system' content='tesseract 3.04.00' />
  <meta name='ocr-capabilities' content='ocr_page ocr_carea ocr_par ocr_line ocrx_word'/>
</head>
<body>
  <div class='ocr_page' id='page_1' title='image "./exercitationesc00reutgoog_0070.png"; bbox 0 0 3194 4916; ppageno 0'>
   <div class='ocr_carea' id='block_1_1' title="bbox 744 436 941 534">
    <p class='ocr_par' dir='ltr' id='par_1_1' title="bbox 744 436 941 534">
     <span class='ocr_line' id='line_1_1' title="bbox 744 436 941 534; baseline 0 -34"><span class='ocrx_word' id='word_1_1' title='bbox 744 436 941 534; x_wconf 33' lang='lat' dir='ltr'><strong>Aa*</strong></span> 
     </span>
    </p>
   </div>
   <div class='ocr_carea' id='block_1_2' title="bbox 294 627 1391 1690">
    <p class='ocr_par' dir='ltr' id='par_1_2' title="bbox 294 627 1391 1690">
     <span class='ocr_line' id='line_1_2' title="bbox 295 627 1389 723; baseline -0.002 -19"><span class='ocrx_word' id='word_1_2' title='bbox 295 640 381 704; x_wconf 89' lang='lat' dir='ltr'><strong>tione</strong></span> <span class='ocrx_word' id='word_1_3' title='bbox 391 628 630 723; x_wconf 71' lang='lat' dir='ltr'><strong>verborum:,r‘7</strong></span> <span class='ocrx_word' id='word_1_4' title='bbox 640 639 668 703; x_wconf 81' lang='grc' dir='ltr'><strong>δ’</strong></span> <span class='ocrx_word' id='word_1_5' title='bbox 679 627 1233 723; x_wconf 65' lang='grc' dir='ltr'><strong><em>αἰτίατ’ἥδηκαὶένθυμηθεῑσακαὶ</em></strong></span> <span class='ocrx_word' id='word_1_6' title='bbox 1240 656 1389 722; x_wconf 81' lang='grc' dir='ltr'><strong><em>χειρουρ-</em></strong></span> 
     </span>
     <span class='ocr_line' id='line_1_3' title="bbox 295 740 1389 833; baseline -0.005 -20"><span class='ocrx_word' id='word_1_7' title='bbox 295 740 450 833; x_wconf 48' lang='lat' dir='ltr'><strong>yriouoaffl</strong></span> <span class='ocrx_word' id='word_1_8' title='bbox 484 767 566 832; x_wconf 90' lang='lat' dir='ltr'><strong>quae</strong></span> <span class='ocrx_word' id='word_1_9' title='bbox 597 745 697 809; x_wconf 90' lang='lat' dir='ltr'><strong>verba</strong></span> <span class='ocrx_word' id='word_1_10' title='bbox 727 743 894 810; x_wconf 77' lang='lat' dir='ltr'><strong>Mastaner</strong></span> <span class='ocrx_word' id='word_1_11' title='bbox 928 744 1045 807; x_wconf 86' lang='lat' dir='ltr'><strong>frustra</strong></span> <span class='ocrx_word' id='word_1_12' title='bbox 1066 742 1239 807; x_wconf 89' lang='lat' dir='ltr'><strong>defendere</strong></span> <span class='ocrx_word' id='word_1_13' title='bbox 1260 742 1389 826; x_wconf 80' lang='lat' dir='ltr'>studuit,</span> 
     </span>
     <span class='ocr_line' id='line_1_4' title="bbox 295 844 1387 939; baseline -0.005 -21"><span class='ocrx_word' id='word_1_14' title='bbox 295 875 367 918; x_wconf 92' lang='lat' dir='ltr'><strong>cum</strong></span> <span class='ocrx_word' id='word_1_15' title='bbox 398 853 498 918; x_wconf 89' lang='lat' dir='ltr'><strong>verba</strong></span> <span class='ocrx_word' id='word_1_16' title='bbox 531 855 606 939; x_wconf 77' lang='lat' dir='ltr'><strong>,xci</strong></span> <span class='ocrx_word' id='word_1_17' title='bbox 642 851 870 938; x_wconf 72' lang='grc' dir='ltr'><strong><em>ἐνθυμηθεῖσα</em></strong></span> <span class='ocrx_word' id='word_1_18' title='bbox 899 853 956 916; x_wconf 87' lang='grc' dir='ltr'><strong>καὶ</strong></span> <span class='ocrx_word' id='word_1_19' title='bbox 980 844 1260 937; x_wconf 71' lang='grc' dir='ltr'><strong><em>χειρουργήσασα“</em></strong></span> <span class='ocrx_word' id='word_1_20' title='bbox 1289 851 1387 937; x_wconf 87' lang='lat' dir='ltr'><strong>expli-</strong></span> 
     </span>
     <span class='ocr_line' id='line_1_5' title="bbox 294 957 1389 1046; baseline -0.003 -21"><span class='ocrx_word' id='word_1_21' title='bbox 294 969 381 1025; x_wconf 89' lang='lat' dir='ltr'><strong>caret</strong></span> <span class='ocrx_word' id='word_1_22' title='bbox 402 982 410 1023; x_wconf 76' lang='grc' dir='ltr'><strong><em>ε</em></strong></span> <span class='ocrx_word' id='word_1_23' title='bbox 434 959 552 1046; x_wconf 87' lang='lat' dir='ltr'><strong>quippo</strong></span> <span class='ocrx_word' id='word_1_24' title='bbox 583 981 665 1045; x_wconf 89' lang='lat' dir='ltr'><strong>quae</strong></span> <span class='ocrx_word' id='word_1_25' title='bbox 696 967 729 1024; x_wconf 92' lang='lat' dir='ltr'><strong>et</strong></span> <span class='ocrx_word' id='word_1_26' title='bbox 761 959 950 1043; x_wconf 79' lang='lat' dir='ltr'><strong>excogitarit</strong></span> <span class='ocrx_word' id='word_1_27' title='bbox 980 958 1082 1021; x_wconf 91' lang='lat' dir='ltr'><strong>scelus</strong></span> <span class='ocrx_word' id='word_1_28' title='bbox 1115 966 1147 1021; x_wconf 91' lang='lat' dir='ltr'><strong>et</strong></span> <span class='ocrx_word' id='word_1_29' title='bbox 1175 957 1389 1044; x_wconf 87' lang='lat' dir='ltr'><strong>perpetrando</strong></span> 
     </span>
     <span class='ocr_line' id='line_1_6' title="bbox 295 1057 1391 1153; baseline -0.003 -22"><span class='ocrx_word' id='word_1_30' title='bbox 295 1067 408 1131; x_wconf 89' lang='lat' dir='ltr'><strong>sceleri</strong></span> <span class='ocrx_word' id='word_1_31' title='bbox 424 1089 551 1131; x_wconf 86' lang='lat' dir='ltr'><strong>manum</strong></span> <span class='ocrx_word' id='word_1_32' title='bbox 567 1066 758 1153; x_wconf 85' lang='lat' dir='ltr'><strong>praebuerit.</strong></span> <span class='ocrx_word' id='word_1_33' title='bbox 801 1066 858 1130; x_wconf 86' lang='lat' dir='ltr'><strong>sed</strong></span> <span class='ocrx_word' id='word_1_34' title='bbox 873 1067 933 1130; x_wconf 93' lang='lat' dir='ltr'><strong>hoc</strong></span> <span class='ocrx_word' id='word_1_35' title='bbox 949 1075 1086 1130; x_wconf 86' lang='lat' dir='ltr'><strong>statuere</strong></span> <span class='ocrx_word' id='word_1_36' title='bbox 1101 1057 1246 1130; x_wconf 83' lang='lat' dir='ltr'><strong>vetamur</strong></span> <span class='ocrx_word' id='word_1_37' title='bbox 1259 1074 1391 1152; x_wconf 90' lang='lat' dir='ltr'><strong>propter</strong></span> 
     </span>
     <span class='ocr_line' id='line_1_7' title="bbox 294 1171 1387 1262; baseline 0.001 -24"><span class='ocrx_word' id='word_1_38' title='bbox 294 1174 482 1262; x_wconf 82' lang='lat' dir='ltr'><strong>particulam</strong></span> <span class='ocrx_word' id='word_1_39' title='bbox 505 1174 600 1259; x_wconf 75' lang='lat' dir='ltr'><strong>„cs“;</strong></span> <span class='ocrx_word' id='word_1_40' title='bbox 628 1183 693 1240; x_wconf 89' lang='lat' dir='ltr'><strong>tres</strong></span> <span class='ocrx_word' id='word_1_41' title='bbox 730 1178 813 1239; x_wconf 90' lang='lat' dir='ltr'><strong>enirn</strong></span> <span class='ocrx_word' id='word_1_42' title='bbox 842 1184 950 1262; x_wconf 91' lang='lat' dir='ltr'><strong>partes</strong></span> <span class='ocrx_word' id='word_1_43' title='bbox 980 1174 1141 1262; x_wconf 79' lang='lat' dir='ltr'><strong>particulis</strong></span> <span class='ocrx_word' id='word_1_44' title='bbox 1173 1171 1387 1258; x_wconf 58' lang='lat' dir='ltr'><strong>„asaal-affl</strong></span> 
     </span>
     <span class='ocr_line' id='line_1_8' title="bbox 295 1281 1389 1368; baseline -0.001 -23"><span class='ocrx_word' id='word_1_45' title='bbox 295 1291 364 1346; x_wconf 90' lang='lat' dir='ltr'><strong>arte</strong></span> <span class='ocrx_word' id='word_1_46' title='bbox 395 1282 479 1346; x_wconf 90' lang='lat' dir='ltr'><strong>inter</strong></span> <span class='ocrx_word' id='word_1_47' title='bbox 512 1303 547 1347; x_wconf 88' lang='lat' dir='ltr'><strong>se</strong></span> <span class='ocrx_word' id='word_1_48' title='bbox 579 1282 825 1368; x_wconf 86' lang='lat' dir='ltr'><strong>coniunguntur.</strong></span> <span class='ocrx_word' id='word_1_49' title='bbox 874 1282 966 1346; x_wconf 89' lang='lat' dir='ltr'><strong>Blass</strong></span> <span class='ocrx_word' id='word_1_50' title='bbox 997 1290 1083 1346; x_wconf 89' lang='lat' dir='ltr'><strong>recte</strong></span> <span class='ocrx_word' id='word_1_51' title='bbox 1106 1281 1268 1364; x_wconf 83' lang='lat' dir='ltr'><strong>intellexit,</strong></span> <span class='ocrx_word' id='word_1_52' title='bbox 1291 1281 1389 1345; x_wconf 88' lang='lat' dir='ltr'><strong>verba</strong></span> 
     </span>
     <span class='ocr_line' id='line_1_9' title="bbox 297 1383 1388 1476; baseline -0.002 -20"><span class='ocrx_word' id='word_1_53' title='bbox 297 1392 372 1475; x_wconf 81' lang='lat' dir='ltr'><strong>,xci</strong></span> <span class='ocrx_word' id='word_1_54' title='bbox 391 1383 671 1476; x_wconf 69' lang='grc' dir='ltr'><em>χειρουργήσασα“</em></span> <span class='ocrx_word' id='word_1_55' title='bbox 694 1390 763 1454; x_wconf 92' lang='lat' dir='ltr'><strong>loco</strong></span> <span class='ocrx_word' id='word_1_56' title='bbox 786 1411 843 1454; x_wconf 92' lang='lat' dir='ltr'><strong>suo</strong></span> <span class='ocrx_word' id='word_1_57' title='bbox 864 1397 951 1454; x_wconf 89' lang='lat' dir='ltr'><strong>mota</strong></span> <span class='ocrx_word' id='word_1_58' title='bbox 978 1409 1048 1454; x_wconf 88' lang='lat' dir='ltr'><strong>csse</strong></span> <span class='ocrx_word' id='word_1_59' title='bbox 1071 1397 1166 1474; x_wconf 91' lang='lat' dir='ltr'><strong>atque</strong></span> <span class='ocrx_word' id='word_1_60' title='bbox 1188 1409 1226 1453; x_wconf 88' lang='lat' dir='ltr'><strong>ea</strong></span> <span class='ocrx_word' id='word_1_61' title='bbox 1246 1397 1388 1475; x_wconf 87' lang='lat' dir='ltr'><strong>transpo-</strong></span> 
     </span>
     <span class='ocr_line' id='line_1_10' title="bbox 298 1481 1387 1583; baseline -0.001 -23"><span class='ocrx_word' id='word_1_62' title='bbox 298 1499 360 1560; x_wconf 83' lang='lat' dir='ltr'><strong>suit</strong></span> <span class='ocrx_word' id='word_1_63' title='bbox 381 1507 454 1583; x_wconf 91' lang='lat' dir='ltr'><strong>post</strong></span> <span class='ocrx_word' id='word_1_64' title='bbox 475 1496 607 1561; x_wconf 88' lang='lat' dir='ltr'><strong>verbum</strong></span> <span class='ocrx_word' id='word_1_65' title='bbox 622 1491 895 1582; x_wconf 64' lang='grc' dir='ltr'><strong>ᾖδιοικουήσι)εσα“,</strong></span> <span class='ocrx_word' id='word_1_66' title='bbox 919 1481 995 1582; x_wconf 77' lang='lat' dir='ltr'><strong>quia</strong></span> <span class='ocrx_word' id='word_1_67' title='bbox 1011 1493 1252 1582; x_wconf 58' lang='grc' dir='ltr'><strong><em>,χειρουργεῑνα</em></strong></span> <span class='ocrx_word' id='word_1_68' title='bbox 1269 1517 1387 1577; x_wconf 89' lang='lat' dir='ltr'><strong>„manu</strong></span> 
     </span>
     <span class='ocr_line' id='line_1_11' title="bbox 298 1603 1390 1690; baseline -0.001 -22"><span class='ocrx_word' id='word_1_69' title='bbox 298 1604 418 1687; x_wconf 83' lang='lat' dir='ltr'><strong>agere“</strong></span> <span class='ocrx_word' id='word_1_70' title='bbox 439 1606 564 1690; x_wconf 83' lang='lat' dir='ltr'><strong>paelex,</strong></span> <span class='ocrx_word' id='word_1_71' title='bbox 587 1626 651 1668; x_wconf 92' lang='lat' dir='ltr'><strong>non</strong></span> <span class='ocrx_word' id='word_1_72' title='bbox 673 1626 811 1669; x_wconf 87' lang='lat' dir='ltr'><strong>noverca</strong></span> <span class='ocrx_word' id='word_1_73' title='bbox 833 1603 895 1668; x_wconf 86' lang='lat' dir='ltr'><strong>dici</strong></span> <span class='ocrx_word' id='word_1_74' title='bbox 915 1611 1029 1690; x_wconf 88' lang='lat' dir='ltr'><strong>potest.</strong></span> <span class='ocrx_word' id='word_1_75' title='bbox 1071 1612 1182 1668; x_wconf 87' lang='lat' dir='ltr'><strong>contra</strong></span> <span class='ocrx_word' id='word_1_76' title='bbox 1203 1624 1298 1688; x_wconf 88' lang='lat' dir='ltr'><strong>quam</strong></span> <span class='ocrx_word' id='word_1_77' title='bbox 1319 1624 1390 1667; x_wconf 92' lang='lat' dir='ltr'><strong>sen-</strong></span> 
     </span>
    </p>
   </div>
   <div class='ocr_carea' id='block_1_3' title="bbox 294 1709 1484 1798">
    <p class='ocr_par' dir='ltr' id='par_1_3' title="bbox 294 1709 1484 1798">
     <span class='ocr_line' id='line_1_12' title="bbox 294 1709 1484 1798; baseline -0.002 -22"><span class='ocrx_word' id='word_1_78' title='bbox 294 1714 425 1776; x_wconf 91' lang='lat' dir='ltr'><strong>tentiam</strong></span> <span class='ocrx_word' id='word_1_79' title='bbox 446 1712 586 1777; x_wconf 89' lang='lat' dir='ltr'><strong>fortasse</strong></span> <span class='ocrx_word' id='word_1_80' title='bbox 619 1713 778 1798; x_wconf 81' lang='lat' dir='ltr'><strong>quispiam</strong></span> <span class='ocrx_word' id='word_1_81' title='bbox 807 1712 951 1776; x_wconf 86' lang='lat' dir='ltr'><strong>ordinem</strong></span> <span class='ocrx_word' id='word_1_82' title='bbox 972 1710 1121 1775; x_wconf 86' lang='lat' dir='ltr'><strong>traditum</strong></span> <span class='ocrx_word' id='word_1_83' title='bbox 1143 1709 1188 1775; x_wconf 88' lang='lat' dir='ltr'><strong>ita</strong></span> <span class='ocrx_word' id='word_1_84' title='bbox 1210 1709 1388 1774; x_wconf 88' lang='lat' dir='ltr'><strong>defendet:</strong></span> <span class='ocrx_word' id='word_1_85' title='bbox 1483 1779 1484 1784; x_wconf 8' lang='grc' dir='ltr'>γ</span> 
     </span>
    </p>
   </div>
   <div class='ocr_carea' id='block_1_4' title="bbox 272 1816 1393 3943">
    <p class='ocr_par' dir='ltr' id='par_1_4' title="bbox 272 1816 1393 3943">
     <span class='ocr_line' id='line_1_13' title="bbox 297 1816 1390 1906; baseline -0.002 -24"><span class='ocrx_word' id='word_1_86' title='bbox 297 1819 398 1905; x_wconf 88' lang='lat' dir='ltr'><strong>,lilius</strong></span> <span class='ocrx_word' id='word_1_87' title='bbox 427 1818 552 1906; x_wconf 90' lang='lat' dir='ltr'><strong>culpam</strong></span> <span class='ocrx_word' id='word_1_88' title='bbox 581 1840 740 1883; x_wconf 88' lang='lat' dir='ltr'><strong>novercae</strong></span> <span class='ocrx_word' id='word_1_89' title='bbox 770 1841 866 1906; x_wconf 88' lang='lat' dir='ltr'><strong>quam</strong></span> <span class='ocrx_word' id='word_1_90' title='bbox 893 1819 1031 1884; x_wconf 87' lang='lat' dir='ltr'><strong>maxime</strong></span> <span class='ocrx_word' id='word_1_91' title='bbox 1058 1826 1207 1882; x_wconf 83' lang='lat' dir='ltr'><strong>aucturus</strong></span> <span class='ocrx_word' id='word_1_92' title='bbox 1237 1816 1390 1903; x_wconf 89' lang='lat' dir='ltr'><strong>paelicem</strong></span> 
     </span>
     <span class='ocr_line' id='line_1_14' title="bbox 295 1917 1389 2012; baseline 0 -22"><span class='ocrx_word' id='word_1_93' title='bbox 295 1927 455 1990; x_wconf 85' lang='lat' dir='ltr'><strong>insontem</strong></span> <span class='ocrx_word' id='word_1_94' title='bbox 488 1926 564 1991; x_wconf 89' lang='lat' dir='ltr'><strong>dicit</strong></span> <span class='ocrx_word' id='word_1_95' title='bbox 594 1925 752 1991; x_wconf 88' lang='lat' dir='ltr'><strong>adiuvisse</strong></span> <span class='ocrx_word' id='word_1_96' title='bbox 790 1936 912 1991; x_wconf 89' lang='lat' dir='ltr'><strong>tantum</strong></span> <span class='ocrx_word' id='word_1_97' title='bbox 943 1928 977 2010; x_wconf 92' lang='lat' dir='ltr'><strong>(i.</strong></span> <span class='ocrx_word' id='word_1_98' title='bbox 1000 1948 1027 1990; x_wconf 91' lang='lat' dir='ltr'><strong>e.</strong></span> <span class='ocrx_word' id='word_1_99' title='bbox 1051 1917 1093 2012; x_wconf 53' lang='lat' dir='ltr'><strong>„n</strong></span> <span class='ocrx_word' id='word_1_100' title='bbox 1121 1919 1389 2011; x_wconf 48' lang='grc' dir='ltr'><strong><em>διακονίσασαίί),</em></strong></span> 
     </span>
     <span class='ocr_line' id='line_1_15' title="bbox 296 2033 1390 2119; baseline 0 -22"><span class='ocrx_word' id='word_1_101' title='bbox 296 2055 465 2098; x_wconf 88' lang='lat' dir='ltr'><strong>novercam</strong></span> <span class='ocrx_word' id='word_1_102' title='bbox 486 2043 520 2098; x_wconf 90' lang='lat' dir='ltr'><strong>et</strong></span> <span class='ocrx_word' id='word_1_103' title='bbox 540 2043 703 2100; x_wconf 86' lang='lat' dir='ltr'><strong>auctorem</strong></span> <span class='ocrx_word' id='word_1_104' title='bbox 735 2035 862 2098; x_wconf 87' lang='lat' dir='ltr'><strong>sceleris</strong></span> <span class='ocrx_word' id='word_1_105' title='bbox 891 2034 989 2098; x_wconf 88' lang='lat' dir='ltr'><strong>fuisse</strong></span> <span class='ocrx_word' id='word_1_106' title='bbox 1011 2042 1044 2098; x_wconf 88' lang='lat' dir='ltr'><strong>ct</strong></span> <span class='ocrx_word' id='word_1_107' title='bbox 1064 2033 1170 2096; x_wconf 89' lang='lat' dir='ltr'><strong>omnia</strong></span> <span class='ocrx_word' id='word_1_108' title='bbox 1192 2034 1390 2119; x_wconf 86' lang='lat' dir='ltr'><strong>excogitasse</strong></span> 
     </span>
     <span class='ocr_line' id='line_1_16' title="bbox 272 2139 1389 2228; baseline -0.003 -22"><span class='ocrx_word' id='word_1_109' title='bbox 272 2150 328 2206; x_wconf 81' lang='lat' dir='ltr'><strong>&#39;et</strong></span> <span class='ocrx_word' id='word_1_110' title='bbox 360 2162 394 2205; x_wconf 88' lang='lat' dir='ltr'><strong>re</strong></span> <span class='ocrx_word' id='word_1_111' title='bbox 425 2163 503 2206; x_wconf 89' lang='lat' dir='ltr'><strong>vera</strong></span> <span class='ocrx_word' id='word_1_112' title='bbox 534 2142 777 2226; x_wconf 83' lang='lat' dir='ltr'><strong>(„eigentlich“)</strong></span> <span class='ocrx_word' id='word_1_113' title='bbox 812 2142 914 2207; x_wconf 90' lang='lat' dir='ltr'><strong>scelus</strong></span> <span class='ocrx_word' id='word_1_114' title='bbox 943 2141 1179 2228; x_wconf 85' lang='lat' dir='ltr'><strong>perpetrasso.“</strong></span> <span class='ocrx_word' id='word_1_115' title='bbox 1230 2149 1264 2204; x_wconf 88' lang='lat' dir='ltr'><strong>st</strong></span> <span class='ocrx_word' id='word_1_116' title='bbox 1290 2139 1389 2204; x_wconf 88' lang='lat' dir='ltr'><strong>verbo</strong></span> 
     </span>
     <span class='ocr_line' id='line_1_17' title="bbox 295 2248 1389 2335; baseline -0.002 -21"><span class='ocrx_word' id='word_1_117' title='bbox 295 2250 543 2335; x_wconf 58' lang='lat' dir='ltr'><strong>„xstpoupyslffl</strong></span> <span class='ocrx_word' id='word_1_118' title='bbox 573 2248 653 2313; x_wconf 91' lang='lat' dir='ltr'><strong>nihil</strong></span> <span class='ocrx_word' id='word_1_119' title='bbox 684 2248 768 2314; x_wconf 90' lang='lat' dir='ltr'><strong>aliud</strong></span> <span class='ocrx_word' id='word_1_120' title='bbox 791 2249 1003 2335; x_wconf 85' lang='lat' dir='ltr'><strong>significatur,</strong></span> <span class='ocrx_word' id='word_1_121' title='bbox 1036 2249 1096 2312; x_wconf 89' lang='lat' dir='ltr'><strong>nisi</strong></span> <span class='ocrx_word' id='word_1_122' title='bbox 1122 2270 1239 2332; x_wconf 87' lang='lat' dir='ltr'><strong>„manu</strong></span> <span class='ocrx_word' id='word_1_123' title='bbox 1262 2249 1389 2333; x_wconf 83' lang='lat' dir='ltr'><strong>agere“‚</strong></span> 
     </span>
     <span class='ocr_line' id='line_1_18' title="bbox 283 2354 1389 2448; baseline -0.002 -29"><span class='ocrx_word' id='word_1_124' title='bbox 283 2365 392 2448; x_wconf 27' lang='lat' dir='ltr'><strong>,atque</strong></span> <span class='ocrx_word' id='word_1_125' title='bbox 406 2356 483 2420; x_wconf 90' lang='lat' dir='ltr'><strong>illud</strong></span> <span class='ocrx_word' id='word_1_126' title='bbox 498 2376 553 2440; x_wconf 88' lang='lat' dir='ltr'><strong>„re</strong></span> <span class='ocrx_word' id='word_1_127' title='bbox 569 2358 666 2420; x_wconf 89' lang='lat' dir='ltr'><strong>vera“</strong></span> <span class='ocrx_word' id='word_1_128' title='bbox 679 2356 784 2420; x_wconf 88' lang='lat' dir='ltr'><strong>verbis</strong></span> <span class='ocrx_word' id='word_1_129' title='bbox 800 2355 1042 2442; x_wconf 86' lang='lat' dir='ltr'><strong>exprimendum</strong></span> <span class='ocrx_word' id='word_1_130' title='bbox 1057 2364 1133 2439; x_wconf 88' lang='lat' dir='ltr'><strong>erat,</strong></span> <span class='ocrx_word' id='word_1_131' title='bbox 1150 2377 1249 2441; x_wconf 88' lang='lat' dir='ltr'><strong>quare</strong></span> <span class='ocrx_word' id='word_1_132' title='bbox 1266 2354 1389 2418; x_wconf 81' lang='lat' dir='ltr'><strong>Blaesio</strong></span> 
     </span>
     <span class='ocr_line' id='line_1_19' title="bbox 297 2457 1390 2547; baseline 0.002 -22"><span class='ocrx_word' id='word_1_133' title='bbox 297 2462 462 2526; x_wconf 89' lang='lat' dir='ltr'><strong>assentior.</strong></span> <span class='ocrx_word' id='word_1_134' title='bbox 505 2463 660 2527; x_wconf 88' lang='lat' dir='ltr'><strong>immerito</strong></span> <span class='ocrx_word' id='word_1_135' title='bbox 688 2473 795 2528; x_wconf 89' lang='lat' dir='ltr'><strong>autem</strong></span> <span class='ocrx_word' id='word_1_136' title='bbox 826 2462 918 2527; x_wconf 90' lang='lat' dir='ltr'><strong>Blass</strong></span> <span class='ocrx_word' id='word_1_137' title='bbox 947 2463 1047 2528; x_wconf 89' lang='lat' dir='ltr'><strong>verba</strong></span> <span class='ocrx_word' id='word_1_138' title='bbox 1067 2460 1156 2547; x_wconf 64' lang='lat' dir='ltr'><strong>„lixas</strong></span> <span class='ocrx_word' id='word_1_139' title='bbox 1176 2457 1219 2528; x_wconf 82' lang='grc' dir='ltr'><strong>τὰ</strong></span> <span class='ocrx_word' id='word_1_140' title='bbox 1240 2461 1390 2547; x_wconf 80' lang='grc' dir='ltr'><strong><em>ἐπίχειρα</em></strong></span> 
     </span>
     <span class='ocr_line' id='line_1_20' title="bbox 297 2554 1390 2656; baseline -0.002 -21"><span class='ocrx_word' id='word_1_141' title='bbox 297 2554 346 2635; x_wconf 76' lang='lat' dir='ltr'><strong>uic</strong></span> <span class='ocrx_word' id='word_1_142' title='bbox 367 2559 444 2649; x_wconf 61' lang='lat' dir='ltr'><strong>data</strong></span> <span class='ocrx_word' id='word_1_143' title='bbox 464 2556 514 2656; x_wconf 68' lang='grc' dir='ltr'><strong>ἦν,</strong></span> <span class='ocrx_word' id='word_1_144' title='bbox 537 2559 637 2636; x_wconf 75' lang='grc' dir='ltr'>οὐδὲν</span> <span class='ocrx_word' id='word_1_145' title='bbox 657 2570 747 2638; x_wconf 79' lang='grc' dir='ltr'><strong><em>αἰτία</em></strong></span> <span class='ocrx_word' id='word_1_146' title='bbox 763 2557 867 2638; x_wconf 70' lang='grc' dir='ltr'><strong>οὗσα“</strong></span> <span class='ocrx_word' id='word_1_147' title='bbox 881 2572 914 2635; x_wconf 90' lang='lat' dir='ltr'><strong>in</strong></span> <span class='ocrx_word' id='word_1_148' title='bbox 928 2580 1052 2635; x_wconf 88' lang='lat' dir='ltr'><strong>textum</strong></span> <span class='ocrx_word' id='word_1_149' title='bbox 1074 2571 1203 2656; x_wconf 89' lang='lat' dir='ltr'><strong>recepit,</strong></span> <span class='ocrx_word' id='word_1_150' title='bbox 1226 2591 1307 2656; x_wconf 89' lang='lat' dir='ltr'><strong>quae</strong></span> <span class='ocrx_word' id='word_1_151' title='bbox 1324 2593 1390 2634; x_wconf 91' lang='lat' dir='ltr'><strong>cor-</strong></span> 
     </span>
     <span class='ocr_line' id='line_1_21' title="bbox 297 2676 1389 2764; baseline 0.001 -24"><span class='ocrx_word' id='word_1_152' title='bbox 297 2686 390 2763; x_wconf 88' lang='lat' dir='ltr'><strong>rupta</strong></span> <span class='ocrx_word' id='word_1_153' title='bbox 412 2698 482 2741; x_wconf 89' lang='lat' dir='ltr'><strong>osse</strong></span> <span class='ocrx_word' id='word_1_154' title='bbox 504 2676 695 2762; x_wconf 81' lang='lat' dir='ltr'><strong>Hirschig1)</strong></span> <span class='ocrx_word' id='word_1_155' title='bbox 718 2678 832 2743; x_wconf 91' lang='lat' dir='ltr'><strong>docuit.</strong></span> <span class='ocrx_word' id='word_1_156' title='bbox 876 2700 950 2742; x_wconf 89' lang='lat' dir='ltr'><strong>uam</strong></span> <span class='ocrx_word' id='word_1_157' title='bbox 974 2677 1088 2764; x_wconf 90' lang='lat' dir='ltr'><strong>paelex</strong></span> <span class='ocrx_word' id='word_1_158' title='bbox 1103 2678 1165 2741; x_wconf 91' lang='lat' dir='ltr'><strong>dici</strong></span> <span class='ocrx_word' id='word_1_159' title='bbox 1180 2699 1244 2741; x_wconf 90' lang='lat' dir='ltr'><strong>non</strong></span> <span class='ocrx_word' id='word_1_160' title='bbox 1260 2687 1389 2764; x_wconf 91' lang='lat' dir='ltr'><strong>potest:</strong></span> 
     </span>
     <span class='ocr_line' id='line_1_22' title="bbox 296 2771 1392 2872; baseline -0.001 -23"><span class='ocrx_word' id='word_1_161' title='bbox 296 2773 419 2867; x_wconf 68' lang='lat' dir='ltr'><strong>„oridia</strong></span> <span class='ocrx_word' id='word_1_162' title='bbox 439 2783 529 2850; x_wconf 75' lang='grc' dir='ltr'><strong><em>αἰτία</em></strong></span> <span class='ocrx_word' id='word_1_163' title='bbox 552 2771 671 2866; x_wconf 78' lang='grc' dir='ltr'>οὗσα“,</span> <span class='ocrx_word' id='word_1_164' title='bbox 701 2786 726 2850; x_wconf 92' lang='lat' dir='ltr'><strong>si</strong></span> <span class='ocrx_word' id='word_1_165' title='bbox 759 2807 798 2850; x_wconf 89' lang='lat' dir='ltr'><strong>ea</strong></span> <span class='ocrx_word' id='word_1_166' title='bbox 818 2807 923 2872; x_wconf 87' lang='lat' dir='ltr'><strong>poena</strong></span> <span class='ocrx_word' id='word_1_167' title='bbox 944 2785 1095 2866; x_wconf 87' lang='lat' dir='ltr'><strong>afficitur,</strong></span> <span class='ocrx_word' id='word_1_168' title='bbox 1130 2807 1193 2871; x_wconf 91' lang='lat' dir='ltr'><strong>qua</strong></span> <span class='ocrx_word' id='word_1_169' title='bbox 1215 2785 1313 2871; x_wconf 87' lang='lat' dir='ltr'><strong>digna</strong></span> <span class='ocrx_word' id='word_1_170' title='bbox 1335 2794 1392 2866; x_wconf 87' lang='lat' dir='ltr'><strong>ast,</strong></span> 
     </span>
     <span class='ocr_line' id='line_1_23' title="bbox 297 2881 1393 2978; baseline 0.003 -23"><span class='ocrx_word' id='word_1_171' title='bbox 297 2892 316 2955; x_wconf 91' lang='lat' dir='ltr'><strong>i.</strong></span> <span class='ocrx_word' id='word_1_172' title='bbox 339 2912 366 2954; x_wconf 90' lang='lat' dir='ltr'><strong>e.</strong></span> <span class='ocrx_word' id='word_1_173' title='bbox 390 2891 416 2954; x_wconf 91' lang='lat' dir='ltr'><strong>si</strong></span> <span class='ocrx_word' id='word_1_174' title='bbox 440 2891 579 2956; x_wconf 89' lang='lat' dir='ltr'><strong>carnifici</strong></span> <span class='ocrx_word' id='word_1_175' title='bbox 600 2891 744 2958; x_wconf 88' lang='lat' dir='ltr'><strong>traditur.</strong></span> <span class='ocrx_word' id='word_1_176' title='bbox 792 2893 1000 2978; x_wconf 87' lang='lat' dir='ltr'><strong>quamobrem</strong></span> <span class='ocrx_word' id='word_1_177' title='bbox 1022 2891 1175 2977; x_wconf 87' lang='lat' dir='ltr'><strong>Hirschig</strong></span> <span class='ocrx_word' id='word_1_178' title='bbox 1196 2893 1295 2956; x_wconf 86' lang='lat' dir='ltr'><strong>verba</strong></span> <span class='ocrx_word' id='word_1_179' title='bbox 1315 2881 1393 2974; x_wconf 79' lang='lat' dir='ltr'><strong>„oci-</strong></span> 
     </span>
     <span class='ocr_line' id='line_1_24' title="bbox 298 2985 1391 3086; baseline 0 -23"><span class='ocrx_word' id='word_1_180' title='bbox 298 2997 355 3064; x_wconf 72' lang='lat' dir='ltr'><strong>otu</strong></span> <span class='ocrx_word' id='word_1_181' title='bbox 387 2998 477 3064; x_wconf 75' lang='grc' dir='ltr'><strong><em>αἰτία</em></strong></span> <span class='ocrx_word' id='word_1_182' title='bbox 509 2985 614 3066; x_wconf 79' lang='grc' dir='ltr'><strong>οὖσα“</strong></span> <span class='ocrx_word' id='word_1_183' title='bbox 645 3009 676 3064; x_wconf 90' lang='lat' dir='ltr'><strong>et</strong></span> <span class='ocrx_word' id='word_1_184' title='bbox 701 2998 841 3080; x_wconf 58' lang='lat' dir='ltr'><strong>„aldai</strong></span> <span class='ocrx_word' id='word_1_185' title='bbox 863 2991 945 3086; x_wconf 76' lang='grc' dir='ltr'><strong>ἥδη“</strong></span> <span class='ocrx_word' id='word_1_186' title='bbox 968 2999 1123 3064; x_wconf 86' lang='lat' dir='ltr'><strong>eiicienda</strong></span> <span class='ocrx_word' id='word_1_187' title='bbox 1155 3020 1224 3067; x_wconf 85' lang='lat' dir='ltr'><strong>esse</strong></span> <span class='ocrx_word' id='word_1_188' title='bbox 1260 3000 1391 3064; x_wconf 85' lang='lat' dir='ltr'><strong>censuit.</strong></span> 
     </span>
     <span class='ocr_line' id='line_1_25' title="bbox 298 3105 1392 3193; baseline 0.002 -25"><span class='ocrx_word' id='word_1_189' title='bbox 298 3105 377 3169; x_wconf 90' lang='lat' dir='ltr'><strong>haec</strong></span> <span class='ocrx_word' id='word_1_190' title='bbox 399 3125 475 3170; x_wconf 88' lang='lat' dir='ltr'><strong>voro</strong></span> <span class='ocrx_word' id='word_1_191' title='bbox 508 3105 606 3170; x_wconf 87' lang='lat' dir='ltr'><strong>verba</strong></span> <span class='ocrx_word' id='word_1_192' title='bbox 643 3128 706 3192; x_wconf 90' lang='lat' dir='ltr'><strong>qua</strong></span> <span class='ocrx_word' id='word_1_193' title='bbox 735 3108 908 3172; x_wconf 90' lang='lat' dir='ltr'><strong>rationein</strong></span> <span class='ocrx_word' id='word_1_194' title='bbox 930 3116 1051 3171; x_wconf 85' lang='lat' dir='ltr'><strong>textum</strong></span> <span class='ocrx_word' id='word_1_195' title='bbox 1073 3108 1256 3193; x_wconf 87' lang='lat' dir='ltr'><strong>irrepserint</strong></span> <span class='ocrx_word' id='word_1_196' title='bbox 1287 3128 1392 3192; x_wconf 89' lang='lat' dir='ltr'><strong>neque</strong></span> 
     </span>
     <span class='ocr_line' id='line_1_26' title="bbox 298 3210 1391 3300; baseline 0.001 -25"><span class='ocrx_word' id='word_1_197' title='bbox 298 3210 442 3296; x_wconf 84' lang='lat' dir='ltr'><strong>intellegi</strong></span> <span class='ocrx_word' id='word_1_198' title='bbox 462 3221 584 3300; x_wconf 89' lang='lat' dir='ltr'><strong>potest,</strong></span> <span class='ocrx_word' id='word_1_199' title='bbox 606 3235 712 3300; x_wconf 90' lang='lat' dir='ltr'><strong>neque</strong></span> <span class='ocrx_word' id='word_1_200' title='bbox 733 3215 787 3279; x_wconf 92' lang='lat' dir='ltr'><strong>tali</strong></span> <span class='ocrx_word' id='word_1_201' title='bbox 816 3215 1047 3279; x_wconf 90' lang='lat' dir='ltr'><strong>violentissimo</strong></span> <span class='ocrx_word' id='word_1_202' title='bbox 1069 3214 1210 3279; x_wconf 88' lang='lat' dir='ltr'><strong>remedio</strong></span> <span class='ocrx_word' id='word_1_203' title='bbox 1231 3236 1311 3299; x_wconf 92' lang='lat' dir='ltr'><strong>opus</strong></span> <span class='ocrx_word' id='word_1_204' title='bbox 1333 3223 1391 3294; x_wconf 90' lang='lat' dir='ltr'><strong>est,</strong></span> 
     </span>
     <span class='ocr_line' id='line_1_27' title="bbox 299 3309 1393 3408; baseline 0.002 -26"><span class='ocrx_word' id='word_1_205' title='bbox 299 3319 326 3382; x_wconf 92' lang='lat' dir='ltr'><strong>si</strong></span> <span class='ocrx_word' id='word_1_206' title='bbox 347 3327 420 3383; x_wconf 91' lang='lat' dir='ltr'><strong>ante</strong></span> <span class='ocrx_word' id='word_1_207' title='bbox 442 3319 574 3383; x_wconf 86' lang='lat' dir='ltr'><strong>verbum</strong></span> <span class='ocrx_word' id='word_1_208' title='bbox 594 3309 713 3402; x_wconf 79' lang='grc' dir='ltr'><strong><em>,,ἄξὶα“</em></strong></span> <span class='ocrx_word' id='word_1_209' title='bbox 734 3321 868 3386; x_wconf 90' lang='lat' dir='ltr'><strong>verbum</strong></span> <span class='ocrx_word' id='word_1_210' title='bbox 889 3312 995 3403; x_wconf 56' lang='lat' dir='ltr'><strong>„ooxss</strong></span> <span class='ocrx_word' id='word_1_211' title='bbox 1014 3322 1190 3405; x_wconf 89' lang='lat' dir='ltr'><strong>inserimus,</strong></span> <span class='ocrx_word' id='word_1_212' title='bbox 1213 3319 1298 3408; x_wconf 86' lang='lat' dir='ltr'><strong>quod</strong></span> <span class='ocrx_word' id='word_1_213' title='bbox 1320 3330 1393 3407; x_wconf 92' lang='lat' dir='ltr'><strong>post</strong></span> 
     </span>
     <span class='ocr_line' id='line_1_28' title="bbox 298 3412 1391 3516; baseline 0 -26"><span class='ocrx_word' id='word_1_214' title='bbox 298 3427 432 3492; x_wconf 88' lang='lat' dir='ltr'><strong>verbum</strong></span> <span class='ocrx_word' id='word_1_215' title='bbox 453 3412 547 3510; x_wconf 64' lang='lat' dir='ltr'><strong>‚uiv“</strong></span> <span class='ocrx_word' id='word_1_216' title='bbox 567 3427 659 3494; x_wconf 87' lang='lat' dir='ltr'><strong>facile</strong></span> <span class='ocrx_word' id='word_1_217' title='bbox 680 3438 872 3495; x_wconf 74' lang='lat' dir='ltr'><strong>evanescere</strong></span> <span class='ocrx_word' id='word_1_218' title='bbox 885 3432 1000 3516; x_wconf 90' lang='lat' dir='ltr'><strong>potuit.</strong></span> <span class='ocrx_word' id='word_1_219' title='bbox 1043 3430 1087 3493; x_wconf 90' lang='lat' dir='ltr'><strong>ita</strong></span> <span class='ocrx_word' id='word_1_220' title='bbox 1102 3431 1207 3494; x_wconf 91' lang='lat' dir='ltr'><strong>omnia</strong></span> <span class='ocrx_word' id='word_1_221' title='bbox 1221 3429 1305 3494; x_wconf 90' lang='lat' dir='ltr'><strong>bene</strong></span> <span class='ocrx_word' id='word_1_222' title='bbox 1319 3449 1391 3514; x_wconf 91' lang='lat' dir='ltr'><strong>pro-</strong></span> 
     </span>
     <span class='ocr_line' id='line_1_29' title="bbox 299 3533 1393 3622; baseline 0 -25"><span class='ocrx_word' id='word_1_223' title='bbox 299 3534 421 3599; x_wconf 86' lang='lat' dir='ltr'><strong>cedent.</strong></span> <span class='ocrx_word' id='word_1_224' title='bbox 465 3535 613 3621; x_wconf 85' lang='lat' dir='ltr'><strong>„paolex,</strong></span> <span class='ocrx_word' id='word_1_225' title='bbox 637 3557 718 3622; x_wconf 89' lang='lat' dir='ltr'><strong>quae</strong></span> <span class='ocrx_word' id='word_1_226' title='bbox 740 3537 885 3600; x_wconf 87' lang='lat' dir='ltr'><strong>ministra</strong></span> <span class='ocrx_word' id='word_1_227' title='bbox 906 3545 1029 3601; x_wconf 85' lang='lat' dir='ltr'><strong>tantum</strong></span> <span class='ocrx_word' id='word_1_228' title='bbox 1045 3536 1172 3600; x_wconf 86' lang='lat' dir='ltr'><strong>sceleris</strong></span> <span class='ocrx_word' id='word_1_229' title='bbox 1186 3533 1393 3622; x_wconf 90' lang='lat' dir='ltr'><strong>perpetrandi</strong></span> 
     </span>
     <span class='ocr_line' id='line_1_30' title="bbox 300 3640 1390 3730; baseline 0.004 -28"><span class='ocrx_word' id='word_1_230' title='bbox 300 3649 377 3722; x_wconf 86' lang='lat' dir='ltr'><strong>erat,</strong></span> <span class='ocrx_word' id='word_1_231' title='bbox 399 3640 492 3706; x_wconf 91' lang='lat' dir='ltr'><strong>huius</strong></span> <span class='ocrx_word' id='word_1_232' title='bbox 513 3644 561 3707; x_wconf 89' lang='lat' dir='ltr'><strong>rei</strong></span> <span class='ocrx_word' id='word_1_233' title='bbox 580 3664 719 3729; x_wconf 89' lang='lat' dir='ltr'><strong>poenam</strong></span> <span class='ocrx_word' id='word_1_234' title='bbox 740 3644 807 3726; x_wconf 95' lang='lat' dir='ltr'><strong>luit,</strong></span> <span class='ocrx_word' id='word_1_235' title='bbox 829 3665 893 3730; x_wconf 87' lang='lat' dir='ltr'><strong>qua</strong></span> <span class='ocrx_word' id='word_1_236' title='bbox 915 3666 979 3708; x_wconf 93' lang='lat' dir='ltr'><strong>non</strong></span> <span class='ocrx_word' id='word_1_237' title='bbox 1002 3642 1098 3728; x_wconf 85' lang='lat' dir='ltr'><strong>digna</strong></span> <span class='ocrx_word' id='word_1_238' title='bbox 1121 3651 1188 3710; x_wconf 89' lang='lat' dir='ltr'><strong>erat</strong></span> <span class='ocrx_word' id='word_1_239' title='bbox 1213 3643 1247 3726; x_wconf 91' lang='lat' dir='ltr'><strong>(i.</strong></span> <span class='ocrx_word' id='word_1_240' title='bbox 1270 3665 1296 3706; x_wconf 90' lang='lat' dir='ltr'><strong>e.</strong></span> <span class='ocrx_word' id='word_1_241' title='bbox 1319 3663 1390 3727; x_wconf 85' lang='lat' dir='ltr'><strong>gra·</strong></span> 
     </span>
     <span class='ocr_line' id='line_1_31' title="bbox 300 3745 1390 3836; baseline 0.002 -26"><span class='ocrx_word' id='word_1_242' title='bbox 300 3745 395 3829; x_wconf 85' lang='lat' dir='ltr'><strong>viora,</strong></span> <span class='ocrx_word' id='word_1_243' title='bbox 419 3769 515 3833; x_wconf 89' lang='lat' dir='ltr'><strong>quam</strong></span> <span class='ocrx_word' id='word_1_244' title='bbox 536 3772 600 3836; x_wconf 87' lang='lat' dir='ltr'><strong>qua</strong></span> <span class='ocrx_word' id='word_1_245' title='bbox 622 3750 721 3836; x_wconf 87' lang='lat' dir='ltr'><strong>digna</strong></span> <span class='ocrx_word' id='word_1_246' title='bbox 742 3759 817 3832; x_wconf 86' lang='lat' dir='ltr'><strong>erat,</strong></span> <span class='ocrx_word' id='word_1_247' title='bbox 840 3773 944 3836; x_wconf 88' lang='lat' dir='ltr'><strong>poena</strong></span> <span class='ocrx_word' id='word_1_248' title='bbox 966 3750 1195 3835; x_wconf 85' lang='lat' dir='ltr'><strong>afficiebatur),</strong></span> <span class='ocrx_word' id='word_1_249' title='bbox 1226 3750 1301 3836; x_wconf 92' lang='lat' dir='ltr'><strong>quia</strong></span> <span class='ocrx_word' id='word_1_250' title='bbox 1328 3771 1390 3812; x_wconf 88' lang='lat' dir='ltr'><strong>non</strong></span> 
     </span>
     <span class='ocr_line' id='line_1_32' title="bbox 299 3853 1392 3943; baseline 0.004 -28"><span class='ocrx_word' id='word_1_251' title='bbox 299 3853 437 3942; x_wconf 89' lang='lat' dir='ltr'><strong>inculpa</strong></span> <span class='ocrx_word' id='word_1_252' title='bbox 459 3865 536 3940; x_wconf 90' lang='lat' dir='ltr'><strong>erat,</strong></span> <span class='ocrx_word' id='word_1_253' title='bbox 559 3857 698 3922; x_wconf 86' lang='lat' dir='ltr'><strong>carnifici</strong></span> <span class='ocrx_word' id='word_1_254' title='bbox 720 3859 804 3923; x_wconf 91' lang='lat' dir='ltr'><strong>enim</strong></span> <span class='ocrx_word' id='word_1_255' title='bbox 819 3857 999 3943; x_wconf 90' lang='lat' dir='ltr'><strong>torquenda</strong></span> <span class='ocrx_word' id='word_1_256' title='bbox 1013 3855 1129 3922; x_wconf 89' lang='lat' dir='ltr'><strong>tradita</strong></span> <span class='ocrx_word' id='word_1_257' title='bbox 1144 3866 1200 3940; x_wconf 91' lang='lat' dir='ltr'><strong>est,</strong></span> <span class='ocrx_word' id='word_1_258' title='bbox 1223 3879 1262 3922; x_wconf 89' lang='lat' dir='ltr'><strong>ea</strong></span> <span class='ocrx_word' id='word_1_259' title='bbox 1276 3865 1392 3939; x_wconf 90' lang='lat' dir='ltr'><strong>autem,</strong></span> 
     </span>
    </p>
   </div>
   <div class='ocr_carea' id='block_1_5' title="bbox 303 4069 500 4078">
    <p class='ocr_par' dir='ltr' id='par_1_5' title="bbox 303 4069 500 4078">
     <span class='ocr_line' id='line_1_33' title="bbox 303 4069 500 4078; baseline 0.01 -2"><span class='ocrx_word' id='word_1_260' title='bbox 303 4069 500 4078; x_wconf 73' lang='lat'><strong>——</strong></span> 
     </span>
    </p>
   </div>
   <div class='ocr_carea' id='block_1_6' title="bbox 370 4202 1110 4278">
    <p class='ocr_par' dir='ltr' id='par_1_6' title="bbox 370 4202 1110 4278">
     <span class='ocr_line' id='line_1_34' title="bbox 370 4202 1110 4278; baseline 0.011 -24"><span class='ocrx_word' id='word_1_261' title='bbox 370 4202 390 4276; x_wconf 90' lang='lat'><strong>¹)</strong></span> <span class='ocrx_word' id='word_1_262' title='bbox 410 4205 506 4258; x_wconf 90' lang='lat' dir='ltr'><strong>Philol.</strong></span> <span class='ocrx_word' id='word_1_263' title='bbox 525 4207 580 4270; x_wconf 69' lang='lat' dir='ltr'><strong>IX,</strong></span> <span class='ocrx_word' id='word_1_264' title='bbox 598 4222 641 4278; x_wconf 83' lang='lat' dir='ltr'><strong>pg.</strong></span> <span class='ocrx_word' id='word_1_265' title='bbox 661 4210 718 4271; x_wconf 82' lang='lat'><strong>730,</strong></span> <span class='ocrx_word' id='word_1_266' title='bbox 736 4223 815 4278; x_wconf 81' lang='lat' dir='ltr'><strong>quam</strong></span> <span class='ocrx_word' id='word_1_267' title='bbox 832 4208 908 4262; x_wconf 83' lang='lat' dir='ltr'><strong>Blaes</strong></span> <span class='ocrx_word' id='word_1_268' title='bbox 926 4224 979 4264; x_wconf 85' lang='lat' dir='ltr'><strong>uon</strong></span> <span class='ocrx_word' id='word_1_269' title='bbox 997 4209 1110 4265; x_wconf 82' lang='lat' dir='ltr'><strong>curarit.</strong></span> 
     </span>
    </p>
   </div>
   <div class='ocr_carea' id='block_1_7' title="bbox 0 0 1608 4916">
    <p class='ocr_par' dir='ltr' id='par_1_7' title="bbox 0 0 1608 4916">
     <span class='ocr_line' id='line_1_35' title="bbox 0 0 1608 4916; baseline 0 0"><span class='ocrx_word' id='word_1_270' title='bbox 0 0 1608 4916; x_wconf 95' lang='lat' dir='ltr'><strong> </strong></span> 
     </span>
    </p>
   </div>
  </div>
 </body>
</html>
