3194 4916
771 509 808 576 19

281 711 337 778 VI.
360 715 403 778 50
425 736 432 776 :
455 713 519 778 AN
542 735 549 776 ε
573 696 679 791 οὗτοι,
701 712 728 775 Β
751 735 759 774 :
782 695 893 792 οὗτος,
915 709 949 775 Μ
972 707 986 774 τ’
1003 692 1120 784 οὕτως.

320 820 493 885 Praeterea
514 821 545 883 in
569 819 732 884 codicibus
755 818 894 903 elossisy
915 840 956 883 ne
978 839 1042 881 una
1064 816 1191 903 quidem
1223 817 1335 880 lacuna

181 923 183 930 ’
241 950 347 991 earum
378 929 513 1015 quaein
536 927 565 990 B
588 936 723 1011 exstant,
746 925 901 1012 expletur,
927 947 998 989 cum
1021 924 1212 988 contrarium
1238 945 1334 1016 saepe

240 1035 360 1099 factum
382 1037 455 1099 sit:
1329 1015 1333 1026 ᾖ

321 1143 349 1207 Ι.
370 1142 400 1205 3.
424 1164 431 1205 :
454 1141 564 1205 classis
585 1165 606 1226 γ
626 1142 683 1207 καὶ
704 1125 895 1226 προβουλῆς
919 1139 1039 1222 omisit:

322 1247 348 1311 Ι.
373 1249 443 1312 16:
506 1249 538 1310 in
562 1246 670 1311 codice
692 1271 712 1333 γ
734 1243 819 1312 εἶναι
861 1284 864 1288 -
913 1248 1074 1315 ,omissum
1096 1254 1161 1328 cst:

291 1354 531 1442 H.a.hyp.:„
599 1404 614 1440 ,‚
692 1346 817 1440 „dode
839 1344 945 1419 αυτὸν
1008 1404 1024 1438 „
1112 1404 1125 1431 „

292 1461 334 1525 11.
345 1466 375 1543 β.
398 1463 448 1525 3τ
514 1511 529 1547 ,‚
690 1455 791 1547 »τὴν
815 1459 941 1547 ’ἔχθραν
1005 1507 1021 1544 ,‚
1108 1509 1124 1544 „

304 1570 451 1654 ,‚„6:
517 1579 615 1654 „*,‚
692 1557 1020 1654 „siebodi-odedu„
1107 1614 1124 1651 „

305 1701 371 1762 ἦγ.
384 1677 460 1762 hyp.
483 1698 531 1761 z„
597 1725 613 1760 ,‚
690 1669 894 1761 »πλούσιον
1008 1723 1024 1760 „
1110 1722 1127 1759 „

305 1786 424 1872 „„2
489 1805 536 1866 :„
603 1832 618 1868 ,‚
694 1788 897 1867 „comoros
1010 1830 1026 1866 „
1112 1831 1129 1866 ‚‚

276 1889 424 1957 ΙΙΙ.α.2
487 1913 535 1975 2„
601 1939 617 1974 ‚‚
695 1880 835 1974 „oo'dbv
1010 1911 1059 1973 „'
1114 1938 1130 1973 ‚‚

243 1998 397 2081 (lucunas,
422 2019 505 2083 quae
526 1995 600 2060 inde
623 2020 642 2072 a
664 2008 776 2084 quarto
798 1999 938 2062 oratione
959 1996 991 2059 in
1014 1995 1081 2060 solo
1104 1995 1212 2058 codice
1228 1992 1261 2056 M
1287 2015 1340 2057 ex·

244 2114 337 2184 stant,
361 2125 426 2167 uon
449 2104 557 2184 offere,
581 2106 655 2191 quia
677 2105 845 2185 nescimus,
868 2127 947 2193 quos
969 2101 1117 2166 codexL
1141 2101 1341 2187 expleverit.)

330 2211 377 2275 A:
419 2219 529 2274 contra
575 2213 764 2276 sententiam
809 2233 911 2275 meam
955 2212 1090 2297 primum
1133 2229 1242 2271 omnes
1283 2206 1344 2271 loci

243 2318 348 2382 offerri
370 2327 513 2404 possunt,
536 2340 617 2403 quos
639 2318 802 2383 codicibus
823 2319 888 2383 AN
903 2327 935 2382 et
949 2318 1273 2402 classiycommunes
1294 2315 1343 2379 in-

243 2426 397 2489 venimus.
441 2446 576 2510 quorum
606 2434 677 2488 octo
706 2425 782 2489 locis
812 2449 833 2510 γ
864 2447 935 2488 cum
966 2428 1128 2487 Acontra
1150 2423 1177 2486 B
1199 2431 1285 2486 recte
1308 2444 1342 2486 se

245 2531 363 2596 habere
384 2531 511 2595 videtur
533 2553 540 2594 :

285 2636 383 2720 ΙΙΙ.β.
408 2639 476 2701 10:
499 2637 527 2700 B
551 2661 559 2701 :
581 2632 734 2719 τούτους,
818 2647 891 2705 cett.
915 2661 922 2702 :
944 2632 1080 2718 τούτου,

307 2746 381 2831 »ἃ
424 2747 474 2809 3³
507 2743 704 2830 „dunc
852 2795 867 2830 η
943 2744 1095 2831 ἐλεγχθῇ.

327 2851 366 2915 V.
405 2852 475 2917 27:
509 2903 525 2936 ‚,
550 2875 557 2915 :
578 2846 715 2933 τούτου,
852 2902 869 2939 „
942 2846 1089 2932 τούτων,

342 2961 522 3044 ,,;,,46
547 2959 614 3024 δὲ
624 2960 817 3045 τιθεμένου,
854 3010 869 3045 ῃ
944 2957 1211 3044 δ’ἐντιθεμένου,

341 3066 472 3151 „53:
508 3115 555 3152 ,‚.
549 3090 702 3147 ετουτω,
855 3117 871 3152 „
945 3072 1060 3147 τοῦτο,

318 3171 376 3237 VI.
398 3173 469 3238 26:
503 3220 551 3256 ,‚.
544 3167 703 3258 εὲγώ(ἳ,)
725 3172 841 3238 AN:
827 3166 893 3258 εγώ
914 3178 1029 3254 ταῦτα,
1053 3173 1109 3237 M:
1134 3167 1200 3258 ἐγὼ
1220 3166 1342 3252 πάντα,

344 3281 475 3366 „272
511 3328 559 3366 ,‚.
552 3270 696 3366 viem,
823 3290 926 3344 cell:
951 3303 1033 3345 serv.

342 3439 358 3472 ,‚
402 3389 472 3452 48:
506 3435 522 3472 ,‚
548 3409 555 3450 :
579 3376 900 3474 ἄτροαγορεύοντες,
923 3398 1019 3452 cetu:
1041 3380 1341 3474 προαγορεύοντες,

245 3494 337 3558 atde
359 3494 482 3559 duobus
505 3505 627 3560 tuntum
649 3503 769 3559 centnm
792 3495 941 3559 iudicium
962 3495 1032 3559 fieri
1046 3506 1162 3582 potest,
1185 3493 1225 3558 de
1239 3493 1302 3557 ΙΙΙ.
1309 3497 1340 3574 β.

199 3629 204 3638 ·
247 3603 295 3684 10,
316 3602 344 3667 δ.
356 3601 385 3684 3,
409 3623 543 3688 quorum
564 3603 597 3665 in
620 3612 755 3688 utroque
779 3625 868 3666 error
891 3601 1049 3668 scribendi
1072 3600 1262 3666 statuendus
1285 3611 1342 3684 cst,

248 3710 302 3793 qui
334 3709 366 3770 in
397 3732 416 3793 γ
455 3709 604 3773 facillime
633 3710 762 3792 corrigi
804 3718 938 3794 poterat.
1004 3708 1064 3773 hoc
1098 3709 1239 3773 secundo
1271 3708 1341 3771 loeo

245 3814 330 3898 inde,
353 3815 437 3900 quod
458 3817 490 3878 in
515 3815 541 3878 B
565 3814 785 3879 circumflexus
808 3827 952 3880 servatus
974 3825 1041 3900 est,
1064 3817 1230 3902 perspicue
1252 3813 1342 3877 intel-

246 3923 363 4007 legitur
372 3924 406 4005 ¹).
449 3933 561 3988 contra
582 3921 639 3987 VI.
661 3923 700 3987 27
724 3914 899 4009 verbumiy
927 3925 960 3987 in
982 3922 1145 3988 codicibus
1167 3921 1227 3985 AB
1250 3920 1341 3984 omis·

319 4133 337 4199 ¹)
356 4134 387 4182 In
404 4133 551 4183 mutatione
570 4135 684 4187 subiecti
701 4133 800 4185 offendi
817 4150 871 4185 non
884 4134 971 4198 debet,
990 4149 1076 4198 neque
1088 4131 1242 4198 Hirschigic
1255 4148 1343 4183 assen-

248 4218 368 4269 tiendum
393 4224 446 4284 est,
472 4219 518 4284 qui
539 4220 567 4269 in
592 4220 727 4288 Philologi
744 4221 797 4272 vol.
815 4221 870 4285 IX.,
888 4237 932 4286 pg.
952 4223 1000 4270 732
1020 4235 1053 4269 ox
1072 4219 1172 4270 codici·
1188 4221 1211 4268 B
1228 4219 1343 4270 lectione

249 4303 283 4355 ob
301 4305 402 4372 origine
419 4300 522 4375 ἐλέγχῃ
538 4306 621 4357 fuisse
639 4308 796 4373 suspicatur.

1088 4405 1129 4458 2*
