3194 4916
242 724 329 792 locos
352 724 504 807 attribuit,
526 726 558 790 in
581 727 696 813 quibus
716 730 747 792 A
762 749 808 813 pr.
832 738 864 792 ot
883 732 904 808 β
928 727 1126 812 dissentiunt,
1149 725 1268 794 sodex
1291 729 1340 795 hia

243 833 283 898 ad
305 836 524 920 quaestionem
546 845 687 899 nostram
711 834 952 899 discernendam
974 835 1050 900 nihil
1067 837 1211 900 concludi
1226 847 1340 923 potest.

244 963 324 1026 quae
347 963 419 1005 cum
440 942 486 1030 ita
509 943 588 1024 sint,
622 942 750 1006 omnino
779 952 929 1028 quattuor
950 952 1071 1006 tantum
1095 945 1243 1030 exempla
1264 967 1340 1031 qua-

243 1047 345 1128 drant,
368 1071 501 1134 quorum
525 1046 587 1112 duo
609 1049 711 1133 Biana,
734 1048 796 1113 duo
819 1048 898 1134 Hug
919 1049 1080 1134 protulit:

323 1236 384 1302 ΙΠ.
394 1242 424 1319 β.
449 1239 488 1302 10
509 1260 517 1301 :
539 1261 560 1302 x
583 1267 621 1293 =
644 1262 665 1303 α
686 1267 727 1296 =
748 1239 778 1302 A
801 1261 809 1301 :
841 1228 910 1304 ὑπό
939 1261 976 1304 τε
998 1243 1056 1325 τῆς
1085 1181 1249 1326 diodotus
1278 1244 1341 1305 τοῦ

540 1345 562 1410 δ
666 1370 686 1430 r
825 1440 828 1445 ,
885 1350 907 1427 β

538 1438 646 1530 νόμου
667 1435 775 1511 onore
796 1449 868 1510 τῶν
887 1445 1112 1531 πραχθέντων
1119 1472 1131 1526 ,·

325 1552 357 1615 Α
378 1573 425 1636 pr.
449 1549 480 1616 et
501 1551 529 1615 B
551 1553 719 1617 lectionem
741 1551 906 1639 archetypi
928 1555 1073 1639 quamvis
1096 1553 1244 1637 falsam1)
1277 1563 1337 1617 tra·

243 1658 398 1741 diderunt,
423 1661 549 1724 namin
574 1661 600 1724 B
622 1661 752 1746 quidem
774 1661 860 1744 siglis
884 1662 1008 1724 omissis
1040 1660 1123 1723 idem
1147 1660 1339 1746 descriptum

242 1775 306 1846 eat,
341 1766 425 1852 quod
458 1789 480 1830 x
501 1796 541 1822 =
563 1791 584 1832 α
606 1796 644 1821 =
669 1768 698 1829 A
719 1789 767 1853 pr.
789 1767 963 1852 praebent,
997 1766 1028 1831 N
1058 1788 1133 1830 vero
1167 1767 1340 1828 secundum

242 1872 323 1956 sigla
346 1873 488 1936 ordinem
511 1873 655 1937 restituit.

305 1979 403 2044 lvo.
427 1983 463 2044 ll
488 2003 496 2044 ε
519 1982 548 2043 Α
570 2003 618 2066 pr.
641 1980 669 2042 Β
692 2002 700 2043 :
723 1970 814 2045 οὕτω
835 1973 908 2066 γὰρ,
931 1979 1008 2044 A¹N
1029 2003 1036 2042 :
1060 1970 1151 2044 οὕτω
1171 1972 1234 2066 γὰρ
1256 1970 1306 2045 dv.

241 2192 264 2233 x
285 2197 325 2225 =
346 2194 368 2234 α
389 2199 429 2225 =
452 2171 481 2233 A
504 2193 511 2232 :
535 2161 625 2235 οὕτω
646 2110 719 2256 yid,
742 2170 773 2232 in
797 2168 949 2234 codiceB
973 2170 1103 2232 verbum
1126 2160 1168 2234 div
1190 2169 1340 2234 omissum

242 2285 299 2358 eat,
322 2298 386 2339 non
409 2299 449 2340 ex
471 2276 672 2356 coniectura,
705 2275 762 2340 sed
792 2299 863 2339 oum
897 2277 1042 2339 librarius
1075 2289 1129 2338 aut
1162 2268 1262 2361 ,ydrp“
1286 2285 1342 2340 aut

243 2372 323 2466 ,dif‘
347 2381 547 2446 scribendum
571 2375 1027 2468 esseputa1·etatque„ydp“
1051 2382 1184 2465 eligeret

326 2487 364 2552 V.
387 2489 428 2553 22
450 2512 457 2552 :
481 2490 510 2551 A
533 2511 579 2574 pr.
604 2489 661 2552 B:
684 2483 872 2573 μετάβασις,
896 2487 975 2552 A¹N
999 2511 1006 2550 :
1028 2488 1231 2572 μετέκβασις,

593 2593 631 2661 ἐκ

240 2700 264 2741 x
284 2707 325 2733 =
345 2702 366 2742 α
389 2707 427 2732 =
449 2680 503 2743 A:
524 2673 725 2763 μετάβασις,·
746 2680 777 2741 in
802 2677 828 2741 B
853 2677 985 2742 verbum
1009 2676 1085 2762 ,od
1108 2679 1258 2742 omissum
1275 2689 1339 2759 θεῖς

324 2785 362 2850 V.
384 2786 425 2850 46
447 2809 455 2849 :
477 2789 508 2849 A
526 2809 573 2873 pr.
597 2787 624 2850 B
646 2809 654 2850 :
676 2784 909 2871 ἐνθυμεῖσθαι,
933 2784 1010 2849 A¹N
1035 2809 1042 2848 :
1067 2785 1270 2870 ἐνθυμεῖσθε
1282 2786 1318 2867 ²).

239 2893 272 2955 in
294 2892 402 2956 codice
423 2892 451 2956 B
474 2895 606 2957 verbum
630 2893 681 2959 δεῖ
701 2893 844 2960 additum
866 2903 931 2973 est,
962 2892 1048 2978 quod
1080 2894 1112 2955 in
1145 2895 1336 2958 comissum

241 3008 319 3082 erat,
342 3000 381 3063 cf.
404 3001 486 3065 infra
507 3023 562 3087 pg.
584 3003 636 3064 51.

323 3108 420 3172 Nunc
439 3109 532 3172 venio
563 3107 603 3172 ad
626 3131 679 3172 eas
701 3108 869 3188 lectiones,
901 3131 979 3194 qnae
1001 3107 1102 3171 codex
1125 3107 1152 3170 B
1176 3109 1242 3170 sivo
1263 3128 1335 3194 pro·

238 3214 323 3301 priaa
354 3223 464 3279 contra
496 3214 559 3279 AN
594 3215 661 3279 eive
694 3236 765 3279 oum
788 3215 831 3276 Α2
864 3225 973 3279 contra
1006 3212 1158 3300 Apr.N
1193 3214 1334 3299 praebet.

239 3332 409 3408 antequam
441 3332 549 3385 autem
584 3322 623 3386 ad
653 3321 794 3406 singulos
824 3323 909 3386 iocor
942 3319 1173 3386 enumerandos
1206 3318 1334 3401 accedo,

239 3430 392 3494 rationem
414 3450 618 3495 numerorum
638 3430 839 3515 praemittam
862 3453 869 3493 :

322 3537 457 3605 Codices
480 3538 544 3604 AN
565 3539 767 3604 consentiunt
789 3549 900 3602 contra
923 3537 949 3600 B
973 3534 1014 3607 90
1038 3537 1122 3615 locis,

429 3667 564 3730 quorum
583 3644 648 3708 AN
668 3656 755 3708 recte
778 3666 813 3709 ae
833 3643 953 3708 habent
974 3645 1014 3708 73
1067 3690 1083 3729 „

482 3799 498 3835 „
582 3751 610 3815 B
695 3799 711 3836 „
777 3749 1011 3837 ,habet13
1066 3797 1082 3834 ,

536 3857 669 3922 iudicari
690 3880 754 3922 non
775 3867 882 3944 potest
904 3858 943 3921 do
993 3860 1014 3922 4
1064 3904 1121 3936 „.

238 4082 435 4094 ———--b—

307 4200 328 4267 1)
346 4202 412 4267 Hug
429 4219 472 4268 pg.
492 4206 524 4252 14
542 4220 548 4251 ε
568 4203 607 4266 ,A
623 4219 661 4268 pr.
680 4202 836 4267 plerumque
853 4214 915 4250 cum
932 4198 1067 4264 vulgata.“

305 4284 326 4352 ¹)
346 4288 410 4352 Huc
427 4303 470 4352 rc·
490 4289 512 4336 6-

1116 4404 1131 4454 8
