3194 4916
749 502 788 572 21

224 703 257 766 in
280 701 389 767 codiee
411 702 439 766 B
462 723 525 766 non
547 702 667 783 inesse,
699 725 770 767 cum
792 702 931 786 Bskker,
954 705 1008 789 qui
1031 703 1071 768 de
1091 703 1200 767 codice
1218 705 1248 767 A
1271 725 1332 769 er··

226 810 320 890 ravit,
342 811 436 874 etiam
460 811 499 874 de
522 794 679 875 'codiceB
701 833 823 875 errasse
846 809 999 876 videatur.

290 917 346 986 ,u
367 919 409 982 44
431 941 438 981 ι
462 918 490 982 Β
512 939 520 980 :
543 903 650 1002 atu),
673 917 736 982 au
759 941 766 981 ι
789 907 898 1004 αὐτῷ,

225 1022 260 1087 Μ
281 1026 425 1088 lacunam
446 1024 587 1112 praebet,
611 1024 740 1090 Belrker
762 1025 907 1090 codicum
934 1026 1128 1090 mentionem
1150 1046 1213 1088 non
1235 1024 1319 1109 fecit,

225 1152 334 1218 quare,
356 1129 433 1217 quid
455 1131 557 1196 codex
579 1130 606 1195 B
628 1134 792 1218 praebeat,
815 1133 962 1197 nescitur.

306 1237 377 1300 Iam
410 1237 577 1302 Thalheim
609 1237 650 1304 ad
683 1239 932 1304 confirmandam
968 1261 1057 1303 suam
1094 1238 1133 1302 de
1167 1237 1319 1325 Lycurgo

200 1345 415 1409 sententiam
445 1367 564 1431 paucos
594 1346 680 1409 locos
712 1347 831 1428 attulit,
863 1347 895 1410 in
924 1346 1039 1432 quibus
1061 1347 1137 1410 vitia
1164 1345 1319 1431 quaedam

225 1450 326 1515 codici
348 1455 377 1514 A
399 1462 432 1517 et
453 1453 614 1517 nonnullis
645 1452 937 1517 codicibua'classis
958 1477 979 1537 γ
1000 1442 1178 1517 communia
1198 1453 1318 1517 inveni·
1352 1528 1355 1535 Ι

224 1567 334 1641 untur,
365 1580 448 1644 quae
477 1559 571 1624 facile
602 1559 717 1645 corrigi
744 1569 905 1646 poterant,
935 1582 1081 1646 quaeque
1106 1561 1140 1622 in
1171 1559 1196 1621 B
1228 1569 1259 1639 et
1287 1559 1319 1622 in

225 1666 336 1731 ceteris
359 1664 520 1729 codicibus
542 1665 649 1734 classis
670 1690 691 1750 γ
713 1674 855 1731 correcta
876 1673 958 1729 sunt.
1010 1665 1058 1729 his
1088 1667 1164 1729 locis
1194 1665 1320 1730 codices

210 1769 394 1848 ,deteriores
413 1772 543 1837 fortuito
566 1776 597 1836 in
612 1773 696 1836 idem
709 1773 819 1836 vitium
840 1771 979 1863 incidere
1000 1795 1063 1838 non
1086 1773 1237 1858 potuisse,
1258 1771 1318 1836 Tb.

225 1877 314 1961 dixit,
338 1881 412 1965 quia
433 1901 558 1967 semper
579 1880 675 1944 iidem
697 1881 821 1944 codices
847 1900 919 1944 cum
933 1881 963 1943 A
986 1881 1226 1944 consentirent
1243 1901 1319 1965 quo·

225 2008 350 2072 cunque
379 1987 474 2051 modo
504 1987 535 2051 id
562 1989 596 2052 in
625 1987 768 2074 Lycurgi
789 1988 965 2053 Leocrate'a
986 2009 1020 2051 se
1042 1987 1153 2069 babet,
1175 1989 1207 2050 in
1231 1987 1318 2050 Anti·

224 2093 352 2181 phontis
381 2103 467 2158 certe
495 2094 690 2159 orationibus
719 2117 817 2159 unum
846 2103 970 2160 tantum
1000 2095 1181 2180 exemplum
1203 2095 1320 2174 inveni,

225 2199 251 2263 I.
273 2200 337 2264 27:
360 2199 444 2265 AL:
464 2194 557 2285 τόχχ,
581 2199 701 2266 BMN:
722 2195 829 2286 τύχοι,
863 2202 918 2266 ubi
950 2201 1169 2265 coniunctivus
1190 2210 1320 2287 propter

227 2298 306 2392 ,dm
338 2307 526 2393 particulam
556 2308 705 2373 facillime
736 2311 823 2373 nasci
855 2317 999 2394 poterat:
1038 2316 1204 2394 praetcrea
1235 2306 1321 2371 modi

226 2416 410 2501 saepissime
433 2395 669 2480 confunduntur
679 2416 721 2499 1),
752 2437 850 2502 quare
872 2417 903 2479 A
926 2425 957 2478 et
978 2413 1006 2477 L
1029 2415 1159 2478 fortuito
1181 2416 1212 2477 in
1235 2414 1321 2478 idem

225 2522 336 2586 vitium
366 2522 514 2586 incidisse
545 2532 634 2609 puto.
667 2521 771 2608 'quod
804 2524 837 2585 in
871 2521 983 2587 eadem
1014 2521 1216 2609 paragrapho
1246 2523 1321 2606 Ay

226 2627 436 2715 ,ἑκουσίως“,
458 2629 519 2695 BN
542 2654 549 2695 :
573 2628 776 2718 ,txoootocffl
798 2628 962 2716 praebent,
991 2628 1053 2692 hoc
1075 2628 1221 2714 exemplo
1243 2627 1321 2690 nibil

225 2737 388 2824 probatur,
407 2761 482 2801 nam
503 2737 689 2804 adverbium
705 2748 736 2801 ot
751 2737 941 2802 adiectivum
958 2759 1054 2823 saepe
1076 2734 1321 2816 confunduntur,

226 2846 266 2910 cf.
288 2843 314 2909 Ι.
336 2847 366 2928 ὃ,
388 2843 491 2929 ΙΙΙ.γ.
514 2846 545 2910 7.

309 2949 480 3030 Quaeritur
501 2962 624 3036 autem,
656 2950 732 3038 quid
760 2950 962 3015 iudicandum
994 2950 1034 3014 sit
1062 2948 1101 3013 de
1122 2946 1320 3027 lectionibus,

227 3082 306 3146 quas
327 3085 347 3145 γ
368 3060 513 3146 proprias
541 3059 676 3146 praebet
703 3068 813 3123 contra
843 3055 947 3122 ANB.
999 3057 1026 3119 Β
1059 3057 1235 3120 enimcum
1256 3054 1320 3119 AN

226 3168 321 3232 trium
342 3169 484 3254 priorum
499 3167 677 3230 orationum
691 3168 730 3229 41
747 3166 824 3229 locis
840 3165 998 3229 consentit
1012 3173 1121 3227 contra
1134 3187 1164 3247 γ,
1184 3184 1322 3248 quorum

228 3297 291 3338 uno
325 3275 416 3338 lectio
454 3273 563 3340 classis
592 3297 613 3357 γ
641 3272 797 3360 praeferri
833 3281 968 3358 potest:
997 3271 1041 3335 II.
1057 3275 1087 3352 β.
1121 3272 1168 3342 l:
1197 3266 1321 3334 ANB:

228 3375 458 3468 ἐπιγινόμενα,
487 3399 537 3466 γε
560 3374 797 3466 ἐπιγενόμενα,
828 3401 902 3444 nam
929 3378 1062 3442 aoristus
1090 3373 1322 3462 praeferendus

228 3512 299 3556 esse
319 3488 445 3554 videtur
464 3498 596 3576 propter
617 3488 679 3553 alia
700 3488 878 3573 participia,
900 3507 982 3571 quae
1004 3486 1065 3548 hoo
1085 3484 1154 3547 loco
1171 3491 1323 3568 usurpata

229 3605 310 3661 sunt.
353 3596 412 3680 (II.
422 3621 452 3682 γ.
476 3597 532 3681 12,
560 3597 615 3660 ubi
636 3594 730 3660 ANB
753 3619 761 3659 :
785 3591 822 3659 ix
842 3617 879 3659 τε
900 3597 971 3658 τῶν
999 3590 1162 3679 praebent,
1184 3613 1204 3674 γ
1224 3612 1261 3655 τε
1282 3611 1322 3653 ex

229 3705 411 3768 coniectura
442 3704 555 3785 omisit,
587 3702 681 3766 Blass
702 3700 907 3787 probabiliter
929 3699 1078 3778 coniecit,
1109 3698 1183 3762 olim
1207 3693 1264 3780 ,ἔκ
1284 3718 1322 3762 τε

229 3817 300 3878 τῶν
314 3810 497 3898 εἰρημένων
509 3807 547 3876 ἔκ
556 3833 593 3875 τε
607 3813 678 3875 τῶν
690 3804 1118 3894 προειργασμένων“ό“υἱεεε.
1140 3804 1178 3867 cf.
1194 3804 1271 3869 Ila.
1286 3803 1322 3867 9:

230 3913 483 4004 ἐξελεγχόμενος
505 3908 613 3984 dtas
634 3939 672 3982 τε
693 3920 764 3982 τῶν
785 3907 928 3980 εἰκότων
948 3903 1017 3980 όπό
1038 3935 1076 3978 τε
1097 3916 1167 3978 τῶν
1180 3933 1323 3997 παραγε-

300 4201 320 4271 ¹)
340 4204 373 4254 cl.
393 4202 507 4268 exempli
529 4201 616 4268 gratia
638 4201 683 4252 VI.
704 4205 735 4254 10
754 4217 760 4250 τ
778 4199 803 4250 A
820 4215 858 4265 pr.
876 4200 924 4250 N:
948 4194 1201 4263 καταψηφὶσεσθε,
1223 4192 1258 4244 A¹
1276 4195 1317 4244 B:

230 4290 482 4359 καταψηφίσησθε,
500 4293 572 4339 recto
590 4303 618 4338 ss
635 4287 717 4340 habet
734 4285 881 4354 optativum
900 4284 933 4334 cf.
953 4282 1034 4334 stiam
1050 4281 1083 4331 V.
1101 4283 1141 4332 66.
