3194 4916
773 500 810 563 41

247 704 438 766 contrarium
460 701 574 764 eccidit
594 699 682 764 lta.
704 700 733 778 9,
756 699 811 762 ubi
832 698 859 762 B
885 721 892 762 :
913 692 1177 784 παρευχόμεθα;

332 809 389 874 VI.
411 809 451 874 44
475 832 482 872 :
505 806 569 871 AN
591 830 598 870 :
620 796 738 892 ἡμέραι
759 797 798 886 ὁ,
821 806 848 869 Β
871 829 878 870 :
900 793 1020 892 ἡμέραξ
1042 796 1060 871 ὃ
1082 805 1132 888 (M
1153 805 1240 868 verb.
1263 794 1282 869 ὃ
1305 827 1346 866 ex

509 915 642 978 coniect.
665 914 742 998 orn.)
753 940 766 993 ;

246 1022 398 1087 codexB
425 1031 511 1086 recte
543 1023 756 1086 accusativum
791 1021 940 1108 praebet,
969 1042 1073 1106 neque
1103 1019 1345 1104 interpolatione

246 1140 403 1209 exortum,
426 1152 500 1193 nam
523 1130 549 1192 si
570 1129 771 1216 interpolatio
792 1130 825 1192 in
841 1129 868 1193 B
883 1129 970 1193 facts
985 1136 1079 1209 esset,
1102 1129 1196 1192 etiarn
1212 1125 1345 1189 verbum

153 1245 159 1262 '¹
247 1227 305 1322 „d‘
329 1239 480 1301 omissum
503 1247 595 1302 esset.

328 1343 386 1409 VI.
409 1345 448 1408 51
472 1344 565 1408 :AN
588 1368 595 1407 τ
618 1338 827 1429 τολμήσαιεν,
850 1344 877 1408 Β
900 1366 907 1407 :
929 1336 1133 1429 τολμήσειεν.

247 1461 331 1514 recte
354 1473 387 1514 se
409 1451 527 1516 babere
548 1451 675 1515 videtur
697 1475 704 1514 :
727 1446 944 1537 τολμήσειαν,
975 1452 1001 1514 si
1022 1471 1241 1536 comparamus
1264 1453 1283 1528 ξ
1303 1449 1344 1512 49

249 1553 752 1644 ,,ὲξαπατήσειαν-τολμήσειαν“,
777 1568 809 1622 et
824 1563 843 1638 ξ
859 1561 888 1643 2,
902 1559 958 1622 ubi
971 1579 1079 1621 omnes
1094 1555 1217 1621 codices
1234 1555 1344 1640 „dnus-

245 1666 390 1731 νέσειεν(ς
412 1667 570 1753 praebent
590 1675 718 1752 praeter
740 1666 781 1750 N,
805 1667 857 1752 qui
881 1689 921 1730 ex
943 1667 1125 1730 coniectura
1154 1663 1342 1728 emendavit.

262 1753 265 1760 ¹
329 1772 442 1836 Plures
474 1794 551 1836 vero
582 1782 615 1838 et
643 1773 806 1858 graviores
829 1782 904 1837 sunt
932 1772 1101 1855 lectiones,
1132 1793 1211 1856 quas
1241 1770 1344 1834 codex

246 1879 367 1943 Bcum
391 1881 436 1946 Αἓ
457 1880 591 1966 praebet
612 1890 721 1944 contra
744 1883 773 1942 A
796 1902 844 1965 pr.
865 1879 897 1944 N
919 1902 927 1943 ε
970 1887 972 1892 ’

334 1987 467 2072 Septem
489 1985 617 2073 quidem
633 1987 709 2050 locis
729 1987 774 2049 Α2
795 1986 908 2050 falsam
930 1986 1099 2050 lectionem
1122 2007 1162 2050 ex
1184 1983 1293 2048 codice
1315 1983 1343 2047 B

246 2095 279 2157 in
302 2093 443 2158 codicem
466 2097 495 2156 A
516 2095 647 2180 recepit,
671 2116 741 2158 curn
766 2096 796 2156 A
818 2117 865 2180 pr.
889 2115 960 2157 cum
981 2092 1011 2157 N
1035 2103 1121 2157 recte
1144 2092 1344 2156 schabest:

670 2201 732 2285 μὲν

327 2281 409 2367 luy.
431 2284 452 2347 5
472 2305 480 2346 ε
503 2285 535 2347 A
557 2306 568 2346 .·
589 2277 651 2349 τὸν
671 2285 829 2350 κίνδυνον
848 2276 912 2349 cdv
932 2273 1037 2349 αὐτὸν
1059 2283 1120 2367 (Α1
1135 2283 1266 2346 verbum
1283 2282 1345 2367 μὲν

507 2389 643 2472 eddidit)
656 2392 690 2472 ¹),
720 2389 749 2452 N
774 2413 781 2454 :
803 2384 865 2455 τὸν
884 2390 947 2475 μὲν
966 2390 1123 2462 κίνδυνον
1143 2383 1206 2455 τὸν
1227 2380 1342 2471 αὗτόν,

504 2497 580 2561 ΒΑ8
602 2520 610 2560 :
632 2491 694 2563 τὸν
714 2497 775 2582 μὲν
794 2500 952 2564 κίνδυνον
974 2487 1020 2564 ori
1038 2490 1102 2564 τὸν
1123 2488 1240 2577 adtritu
1347 2583 1349 2587 Ι

246 2603 376 2666 verbum
401 2594 491 2688 „on
514 2606 587 2690 quis
608 2605 743 2670 absurde
766 2606 908 2670 additum
931 2615 987 2689 est,
1020 2604 1255 2692 interpolationi
1275 2626 1340 2668 non

245 2711 393 2794 debetur,
426 2732 443 2772 e
474 2714 632 2776 contrario
661 2712 785 2777 facilius
822 2713 1013 2778 intercidere
1066 2736 1160 2799 quam
1205 2713 1344 2795 irrepere

243 2819 360 2904 potuit,
393 2839 491 2902 quare
518 2819 545 2881 si
572 2820 643 2904 quis
675 2820 893 2906 interpolavit,
929 2821 955 2884 is
975 2820 1035 2884 hoc
1056 2821 1087 2882 in
1110 2844 1150 2898 a,
1172 2841 1235 2881 non
1259 2817 1342 2881 inB

243 2925 357 2989 fecisse
380 2924 558 2989 censendus
583 2936 638 2989 est.

326 3029 481 3116 11.y.5:
505 3033 535 3094 A
564 3054 612 3119 pr.
642 3031 673 3095 N
697 3055 704 3096 :
737 3035 895 3118 ληφθεὶς,
951 3034 1024 3097 ssA²
1058 3056 1065 3096 :
1098 3035 1251 3116 λειφθεὶς
1294 3030 1343 3116 (Μ

506 3140 649 3225 ληφθεὶς
670 3140 829 3224 restituit),

327 3243 410 3310 Ito.
433 3245 508 3332 hyp.
532 3269 538 3308 :
563 3247 594 3309 A
617 3268 663 3330 pr.
687 3245 747 3310 N:
770 3246 806 3311 dr
829 3268 902 3328 om.,
966 3294 982 3330 ‚‚
1038 3269 1045 3308 :
1078 3244 1152 3310 add.

247 3352 395 3436 quonism
426 3352 488 3416 duo
520 3353 638 3416 scholia
668 3354 731 3417 iam
762 3354 795 3416 in
824 3363 945 3417 textum
982 3353 1146 3439 archetypi
1178 3354 1343 3439 irrepsisse

245 3457 402 3541 videntur,
425 3461 543 3546 quippe
565 3481 647 3546 quae
677 3462 709 3523 in
733 3460 878 3524 omnibus
908 3459 1069 3524 codicibus
1100 3460 1210 3523 eodem
1234 3459 1344 3524 ordine

245 3565 361 3630 tradite
384 3567 455 3650 sint,
489 3569 586 3631 etiem
606 3568 740 3632 verbum
765 3568 838 3654 „dr‘
861 3570 892 3632 in
915 3569 1087 3654 archetypo
1109 3567 1240 3630 infuisse
1262 3568 1342 3630 veri·

246 3673 347 3736 simile
370 3682 427 3738 est.
824 3671 828 3680 '

328 3779 429 3865 ΙΠ.γ.
452 3783 480 3847 3.
525 3780 564 3845 de
593 3780 652 3844 hoe
685 3781 754 3844 loco
786 3781 921 3846 disserui
952 3803 1049 3868 supro
1081 3790 1234 3868 quantum
1267 3783 1342 3844 setis

249 3887 360 3968 oratu.
415 3898 447 3952 et
475 3889 508 3952 in
538 3888 697 3958 codiceB
729 3898 761 3951 et
789 3890 821 3952 in
853 3889 960 3954 codice
982 3887 1015 3952 N
1035 3888 1152 3952 indicio
1174 3889 1342 3974 interpole-

246 3992 340 4057 tionis
370 3994 506 4059 inveniri
537 4005 671 4083 posunt,
706 4019 777 4061 cum
809 3998 841 4059 in
875 3996 983 4060 codice
1014 3994 1046 4059 N
1069 3987 1276 4081 „ipyr'ouods“
1310 3997 1340 4058 in

317 4275 337 4346 ¹)
356 4278 390 4328 cf.
408 4277 473 4344 Hug
490 4295 533 4345 pg.
553 4285 576 4330 7.

314 4361 336 4431 ¹)
355 4365 390 4414 ct'.
408 4379 451 4430 pg.
471 4367 511 4415 31.
