3194 4916
762 459 779 518 2

671 547 869 554 .....———

225 656 335 719 borum
365 655 604 720 collocationem
634 665 799 741 spectant,
829 655 1066 742 interpolationi
1094 655 1267 741 debentur,
1289 659 1321 723 sa'

224 763 379 842 elassisd
410 763 466 826 sui
482 763 565 826 auris
586 775 639 826 est.
693 785 757 848 qua
790 762 828 825 de
857 785 893 826 re
922 762 1000 846 Hug
1031 785 1102 826 cum
1124 764 1217 849 paulo
1245 775 1319 850 post
1348 807 1354 816 ι

224 870 400 934 accuratius
430 868 627 932 disseruisset
657 870 691 933 in
721 877 958 956 programmate
978 868 1205 935 Universitatis
1221 869 1319 935 'Turi-

225 977 329 1039 censis
350 977 527 1061 inscripto:
544 975 615 1060 „De
638 985 706 1040 arte
725 977 833 1039 critica
853 977 886 1038 in
901 975 1109 1061 Antiphontis
1124 976 1319 1041 orationibus

147 1059 153 1073 ⁵
225 1081 429 1162 factitanda“,
450 1085 543 1147 otiam
565 1081 690 1147 Blaesio
712 1083 878 1169 persuasit,
902 1083 1034 1146 classem
1053 1088 1075 1163 β
1095 1106 1135 1148 ex
1158 1083 1266 1148 codiee
1287 1085 1319 1150 A

217 1175 362 1253 'derivari
393 1211 457 1253 non
490 1191 631 1275 potuisse
642 1190 677 1274 ¹).
732 1191 757 1253 si
787 1192 872 1253 enim
900 1189 1009 1253 classis
1030 1194 1051 1269 β
1074 1190 1122 1254 sui
1149 1192 1227 1254 iuris
1255 1213 1319 1255 non

227 1305 284 1378 cst,
301 1305 356 1361 aut
372 1319 412 1360 ex
428 1321 449 1361 α
465 1296 484 1359 i.
501 1319 527 1358 e.
543 1295 718 1382 archetypo
735 1295 877 1360 codicum
894 1297 924 1360 A
940 1306 971 1359 et
983 1295 1025 1378 N,
1040 1306 1094 1360 aut
1109 1319 1149 1361 ex
1164 1298 1273 1361 codice
1289 1294 1319 1360 A

225 1426 321 1468 manu
337 1403 476 1467 secunda
489 1403 563 1486 (Αἵ)
580 1411 722 1466 correcto
744 1405 884 1488 pendere
899 1402 996 1466 debet
1007 1403 1044 1486 2).
1087 1425 1221 1488 quorum
1232 1404 1320 1491 prius

226 1520 364 1574 statuero
381 1520 534 1588 vetamur,
551 1519 586 1573 ut
601 1509 663 1574 alia
677 1519 847 1588 transeam,
870 1510 1013 1595 inprimis
1025 1522 1157 1597 propter
1167 1533 1320 1594 magnum

225 1638 392 1681 numerum
404 1618 559 1681 bonarum
569 1616 752 1698 lectionum,
766 1638 848 1702 quae
858 1616 998 1680 familiae
1008 1622 1029 1697 β
1041 1628 1072 1681 et
1081 1619 1126 1682 A²
1135 1640 1320 1683 communes

225 1747 329 1810 nequo
341 1747 381 1788 ex
393 1749 414 1790 α
423 1724 561 1788 derivari
569 1745 673 1809 neque
684 1715 866 1790 coniectura
876 1724 1011 1788 inveniri
1022 1734 1178 1810 poterant,
1188 1727 1320 1789 alterum

225 1826 330 1896 autem
352 1832 552 1896 verisimilius
575 1854 645 1918 esse
667 1833 791 1895 videtur
805 1841 936 1919 propter
957 1854 1320 1917 magnumconsensum,

226 1939 279 2023 qui
301 1939 382 2020 inter
403 1939 449 2002 Α2
471 1948 502 2002 et
521 1943 543 2020 β
565 1947 677 2003 exstat.
721 1939 957 2002 concedendum
980 1941 1074 2004 etiam
1098 1949 1154 2021 est,
1181 1941 1214 2002 in
1237 1939 1321 2002 codi-

225 2045 314 2134 cibus
337 2046 445 2109 classis
465 2051 486 2126 β
509 2068 550 2109 ne
571 2068 634 2110 uno
657 2046 784 2131 quidem
806 2049 874 2110 loco
895 2047 1040 2110 lacunam
1062 2047 1222 2110 codicibus
1237 2046 1269 2111 A
1290 2055 1323 2110 et

226 2153 259 2217 N
280 2173 481 2217 communem
504 2153 664 2239 expletam
689 2176 759 2218 esse
781 2163 813 2218 et
832 2154 917 2217 infra
942 2154 1137 2237 videbimus,
1159 2155 1321 2236 lectiones,

228 2281 307 2344 quas
330 2259 438 2323 classis
459 2265 480 2340 β
503 2269 613 2324 contra
635 2260 699 2324 AN
721 2261 865 2347 proprias
885 2260 1028 2347 praebet,
1050 2261 1202 2348 plurimas
1223 2259 1321 2325 falsas

228 2387 307 2429 esse.
351 2376 462 2430 contra
491 2375 598 2431 autem
628 2368 706 2450 Hug
735 2367 908 2450 ostendit³)
940 2378 1150 2432 correctorem
1180 2369 1225 2432 Α2
1257 2390 1322 2434 nou

227 2493 267 2535 ex
290 2474 480 2556 coniectura,
503 2474 558 2538 sed
581 2496 621 2537 ex
643 2475 832 2538 auctoritate
863 2475 995 2538 alicuius
1024 2475 1141 2538 codicis
1172 2473 1321 2540 emenda·

226 2581 330 2643 tiones
354 2602 426 2644 suas
448 2581 600 2662 hausisse,
622 2602 718 2665 quem
742 2582 850 2645 classis
871 2586 892 2661 β
914 2581 1011 2644 fuisse
1040 2581 1139 2645 multo
1169 2583 1322 2645 verisimi-

225 2685 287 2749 lius
318 2695 381 2770 est,
423 2708 518 2771 quam
547 2687 644 2750 alium
674 2686 816 2750 codicem
845 2688 998 2772 ignotum.
1049 2689 1100 2751 cui
1131 2681 1321 2773 argumento

226 2791 358 2858 alterum
380 2793 448 2879 ipse
470 2792 585 2857 addam
609 2816 616 2856 :

309 2901 354 2964 Α2
375 2921 446 2963 cum
472 2901 674 2980 dconsentit
696 2902 860 2982 centum4)
893 2901 961 2964 fere
994 2901 1082 2983 locis,
1115 2924 1177 2966 uno
1199 2911 1322 2968 tantum

227 3005 402 3071 secundum
423 3007 602 3093 Hugium⁵)
626 3007 785 3094 discrepat
807 3031 815 3071 τ
837 3007 881 3071 Il.
903 3033 933 3073 α.
957 3010 995 3092 3,
1029 3009 1084 3072 ubi
1106 3011 1151 3074 Α2
1174 3033 1214 3075 ex
1236 3011 1323 3073 testi-

227 3115 333 3178 monio
355 3115 472 3179 Blassii
482 3116 508 3199 ⁶)
532 3124 563 3178 et
586 3113 690 3200 siggii
709 3107 872 3202 ὑμέτερον
892 3117 1032 3201 praebet,
1055 3117 1085 3180 A
1107 3139 1154 3203 pr.
1176 3117 1209 3181 N
1225 3122 1291 3199 etit
1314 3139 1323 3181 ε

227 3213 397 3308 ἡμέτερον.
451 3244 523 3286 cum
545 3243 621 3286 vcro
646 3224 690 3286 A²
712 3233 743 3288 et
762 3229 793 3305 β,
818 3226 844 3287 si
865 3223 944 3308 Hug
964 3234 1049 3288 reete
1073 3224 1247 3304 adnotavit,
1279 3223 1323 3287 di·

228 3338 376 3414 screpent
398 3329 492 3392 etiam
510 3328 580 3413 IV.,
602 3330 630 3396 d.
652 3331 730 3410 3⁷J:
753 3332 783 3394 A
797 3353 868 3416 pr.:
892 3322 960 3412 ὅτε,
983 3331 1028 3394 A2
1050 3353 1058 3395 τ
1080 3322 1148 3416 ὅγε,
1170 3329 1198 3393 Β
1221 3353 1229 3393 :
1253 3321 1322 3412 ὅτε,

232 3515 431 3524 -.——-

309 3655 319 3722 )
339 3658 373 3707 cf.
391 3655 487 3707 Philol.
505 3657 636 3723 Anzoiger
653 3657 706 3707 vol.
724 3657 778 3722 1v.,
796 3673 839 3723 pg.
858 3659 916 3708 387.

298 3745 319 3815 ²)
339 3749 373 3798 cf.
392 3754 538 3814 stemmata,
556 3751 621 3815 Hug
639 3766 682 3816 pg.
702 3753 741 3799 22.
794 3741 798 3748 ’

298 3839 320 3907 ³)
338 3842 403 3907 Hug
420 3857 463 3907 pg.
485 3845 524 3906 10,
545 3846 584 3907 11,
604 3845 644 3893 23.

298 3931 320 3999 ⁴)
339 3934 404 3999 Hug
420 3949 464 3998 pg.
484 3936 499 3986 9
517 3934 594 3986 infra

299 4023 321 4092 ⁶)
341 4027 406 4091 Hug
422 4042 466 4092 pg.
487 4031 526 4078 10.

205 4119 207 4125 ’
300 4117 322 4186 ⁰)
340 4119 389 4168 Rh.
408 4121 477 4170 Mus.
495 4121 613 4185 xxvss„
631 4137 673 4187 pg.
687 4123 728 4174 95.

300 4211 321 4281 ²)
339 4214 405 4278 nug
421 4229 465 4278 rs·
485 4217 508 4265 6·
