3194 4916
737 525 777 592 62

214 720 421 812 (ivoaotroi
433 713 630 793 οἷκολούθου
640 728 940 813 παραγενομένου),
957 736 988 791 et
998 727 1159 792 dominum
1169 729 1307 802 adfuisse

212 855 270 921 per
298 856 332 899 se
362 843 465 921 patet,
496 835 578 898 hanc
607 834 647 899 ob
668 856 736 898 rem
757 832 812 915 „oi
832 835 1129 920 παραγενομένοι“,
1150 858 1169 899 a
1191 836 1307 921 quibus

213 965 287 1006 reus
308 942 421 1006 dicitur
441 936 737 1026 ,,ἐξελεγχόμενος“
752 952 825 1005 sunt
840 942 985 1006 dominus
1008 951 1039 1007 et
1060 965 1181 1007 servus.
1223 942 1308 1007 Nus·

213 1071 306 1135 quam
341 1059 446 1114 autem
457 1051 481 1134 ¹)
515 1049 627 1114 dicitur
638 1100 647 1133 ‚
682 1048 844 1114 dominum
867 1050 1026 1135 extemplo
1048 1060 1205 1114 mortuum
1227 1071 1307 1133 esse,

213 1153 311 1242 quere
333 1167 459 1242 practer
481 1177 607 1221 servum
629 1157 724 1222 etiam
740 1156 885 1220 dominus
900 1177 1117 1243 percussorem
1133 1179 1307 1244 agnoscere

212 1272 336 1327 etcum
358 1285 450 1328 servo
474 1243 707 1330 communicare
729 1271 863 1350 poterat.
906 1263 1013 1348 itaque
1028 1284 1105 1326 cum
1120 1252 1312 1328 Mastaucro¹

212 1370 385 1433 scribamus
416 1392 423 1433 :
456 1374 602 1450 ,μοῦνον
632 1364 740 1454 μόνον
772 1367 835 1455 ἔφη
867 1373 938 1434 τῶν
968 1363 1152 1455 παρόντων
1182 1375 1308 1454 γνῶναι

212 1468 400 1557 atreum,
423 1478 622 1563 (saepissime
653 1476 684 1542 iu
714 1474 923 1562 Antiphontis
953 1476 1147 1540 erationibus
1179 1477 1307 1563 spiritus

212 1603 306 1670 asper
327 1582 543 1648 restituendus
566 1584 628 1665 est)
645 1606 651 1647 :
669 1605 801 1669 „servus
823 1582 911 1664 dixit,
934 1583 1016 1646 inter
1037 1593 1221 1669 praesentes
1236 1605 1306 1669 pcr-

213 1711 357 1754 cussores
387 1689 472 1753 hunc
502 1679 625 1754 tautum
655 1691 695 1754 ab
716 1690 794 1776 ipsis
821 1689 857 1774 (i.
879 1711 905 1753 e.
937 1689 1106 1754 adomino
1137 1700 1169 1754 et
1199 1689 1306 1774 servo)

213 1799 376 1883 cognitum
399 1798 498 1860 csse.“

293 1903 378 1989 Ity.
401 1905 421 1968 3
441 1926 449 1968 :
471 1897 552 1979 τούς
571 1897 709 1988 μὲνγὰρ
725 1894 796 1968 ὅτε
812 1895 1004 1989 φόβοςῆτε
1027 1894 1137 1968 tersia
1153 1890 1306 1988 ἱκανύῆν

211 2015 336 2077 παῖσαι
356 2015 415 2096 τῆς
436 2013 638 2097 προθυμίας,
660 2024 733 2086 τοῖς
754 2010 790 2075 δὲ
813 2001 883 2075 ὅτε
897 2012 1051 2088 κίνδυνος
1072 2003 1143 2096 ἥτε
1165 2005 1304 2097 αἰσχύνη

211 2120 333 2203 μείζων
355 2105 438 2184 οὖσα
458 2122 517 2205 τῆς
538 2119 710 2205 διαφορᾶς,
732 2116 761 2182 εἰ
782 2119 838 2184 καὶ
860 2112 1085 2204 διενοήθησαν
1098 2122 1206 2183 ταῦτα
1220 2122 1304 2204 πρᾶ-

211 2231 273 2306 ξαι,
294 2215 443 2312 ἀρκοῦσα
465 2211 505 2311 ἦν
526 2227 732 2310 σωφρονίσαι
761 2218 802 2290 τὸ
824 2219 1040 2310 θυμούμενον
1068 2230 1127 2312 τῆς
1145 2219 1308 2312 γνώμης.“

212 2335 245 2396 in
267 2336 372 2419 priore
394 2342 483 2420 parte
505 2333 597 2396 huius
620 2334 773 2398 enuntiati
788 2333 908 2419 aliquid
926 2343 1108 2420 corruptum
1124 2355 1193 2398 esse
1210 2343 1306 2420 patet,

212 2463 312 2527 quare
348 2440 479 2504 Bekker
510 2440 580 2504 loce
612 2441 702 2506 verbi
732 2441 969 2525 ,,προθυμίας“
989 2441 1032 2518 ab
1060 2441 1183 2526 origine
1203 2463 1306 2526 „crpo-

210 2550 356 2634 μηθίας“
375 2548 473 2611 fuisse
495 2553 595 2633 putat.
647 2546 768 2611 Reiske
791 2557 896 2611 autem
920 2555 994 2620 aute
1014 2546 1146 2611 verbum
1168 2540 1308 2632 ,,ἱκανὴ“

212 2655 344 2719 uerbum
365 2644 470 2739 „crist
490 2655 640 2735 inseruit,
673 2675 770 2740 quam
792 2655 1007 2721 coniecturam
1030 2675 1049 2716 a
1070 2653 1253 2718 Mastanero
1274 2662 1307 2717 st

211 2761 337 2825 Blassio
359 2769 520 2847 receptam
542 2770 629 2824 recte
652 2782 686 2824 so
708 2759 828 2825 habere
850 2783 945 2845 nego.
995 2768 1159 2830 accusator
1180 2771 1306 2824 senten-

210 2871 287 2932 tiam
309 2868 449 2932 refutare
471 2865 578 2932 studet
599 2866 781 2950 adversarii,
797 2869 853 2953 qui
867 2866 1085 2949 contenderat,
1109 2869 1308 2931 verisimilius

212 2996 282 3038 esse
307 2974 409 3038 scelus
431 2982 631 3061 perpetrasse
653 2974 731 3038 alios
753 2973 810 3058 (cf.
831 2973 875 3038 ΙΙ.
888 2978 918 3055 β.
940 2975 985 3056 6),
1016 2975 1135 3060 quippe
1166 2976 1306 3060 quinon

210 3083 403 3167 ignorarent,
427 3101 516 3146 rcum
538 3082 570 3144 in
586 3081 797 3167 suspicionem
813 3091 983 3145 venturum
1000 3102 1079 3145 esse.
1123 3081 1198 3144 dicit
1212 3083 1307 3166 igitur

211 3198 385 3271 accusator,
407 3211 470 3275 quo
490 3188 592 3253 minus
612 3189 711 3253 fuerit
731 3189 923 3275 periculum,
954 3189 986 3252 iu
1017 3209 1079 3274 quo
1110 3189 1160 3251 alii
1191 3191 1307 3253 versati

211 3297 282 3376 sint,
306 3317 343 3358 eo
364 3297 469 3359 minus
492 3317 561 3360 esse
583 3295 772 3377 verisimile,
802 3296 904 3359 virum
935 3295 975 3360 ab
1005 3295 1043 3362 iis
1066 3297 1204 3359 occisum
1227 3318 1306 3360 esse.

212 3404 273 3466 iam
307 3400 480 3466 secundum
511 3401 635 3466 Reiskii
666 3403 877 3466 coniecturam
910 3402 1043 3466 verbum
1065 3395 1216 3484 ,,φόβος“
1238 3423 1307 3467 esse

188 3492 308 3574 ¹debet
329 3532 336 3572 :
359 3511 473 3591 „timor
505 3509 635 3596 periculi
667 3511 699 3574 in
730 3511 799 3573 viro
831 3507 1005 3574 occidendo
1035 3508 1213 3574 subcundi“
1236 3510 1256 3572 i.
1279 3532 1306 3574 e.

211 3616 296 3681 idem
318 3617 403 3698 fere,
435 3615 521 3702 quod
551 3615 682 3680 verbum
703 3616 875 3702 insequens
895 3616 1097 3698 ,,κίνδυνος“,
1119 3625 1214 3702 atque
1236 3638 1305 3680 vcr-

211 3724 286 3788 bum
306 3714 463 3805 ,,α’δικία“
485 3745 493 3786 :
515 3725 629 3788 iniuria
650 3744 720 3788 eum
743 3725 863 3788 scelere
892 3723 1106 3812 perpetrando
1129 3725 1306 3807 coniuncta,

213 3829 390 3916 (Mastaner
411 3832 506 3895 vertit
529 3853 536 3894 :
560 3832 728 3912 „atrocitas
751 3831 930 3915 sceleris“),
959 3839 1070 3894 nostra
1091 3831 1200 3916 lingua
1221 3831 1307 3896 dixe-

213 3979 410 3989 ...ι-*-

282 4067 301 4134 ί)
319 4055 359 4120 Ne
377 4067 437 4134 quis
455 4066 483 4120 in
501 4087 519 4136 y
537 4069 580 4130 §2
599 4065 722 4132 offendat,
742 4065 790 4118 ubi
809 4065 937 4124 dominus¹
949 4064 983 4116 ab
1001 4064 1042 4129 iis,
1060 4063 1107 4130 qui
1125 4079 1190 4116 casu
1207 4063 1306 4115 incide-

211 4159 279 4218 rant,
297 4160 418 4206 mortuus
435 4153 560 4204 inventus
572 4169 628 4203 csse
639 4151 748 4212 dicitur-3
761 4151 833 4202 huuc
846 4150 917 4202 enim
929 4151 998 4201 inter
1009 4150 1117 4200 caedem
1130 4155 1307 4216 perpetratam
1334 4181 1337 4189 ι

212 4247 291 4305 atque
319 4239 463 4290 adventum
486 4239 638 4302 hominum,
665 4243 806 4305 postquam
830 4252 858 4286 se
885 4251 1067 4309 percussorem
1085 4236 1226 4302 agnovisse
1245 4250 1306 4286 cum

212 4343 288 4379 servo
306 4325 519 4389 communicarit,
538 4324 672 4390 expirasse
691 4312 862 4374 statuendum
880 4328 928 4372 cst.
985 4309 989 4318 ’
