3194 4916
822 470 840 532 7

284 674 377 747 esset,
409 687 503 751 quom
531 688 626 752 ,usus
651 667 768 732 urbis“.
823 665 954 756 Sauppe
964 671 990 754 l)
1021 677 1126 734 eutem
1156 681 1241 738 recte
1270 683 1381 741 contro

285 772 371 855 dixit,
392 794 482 837 reum
504 773 563 838 nisi
585 774 693 840 vivum
723 776 755 838 in
784 775 863 840 urbe
885 797 1013 840 manere
1035 799 1100 842 non
1121 800 1232 865 posse,
1263 782 1307 845 its
1335 790 1379 863 ut,

284 879 352 943 siN
375 879 491 944 codicis
512 880 604 946 lectio
626 883 767 966 genuino
788 883 909 964 fuisset,
931 884 1029 949 verbs
1052 887 1127 968 »καὶ
1147 890 1206 973 τῆς
1226 882 1379 966 edisco&

284 986 437 1052 eiiciendo
459 996 574 1052 essent.

408 1093 435 1157 I.
458 1094 500 1159 29
522 1117 530 1157 ε
552 1094 642 1159 ABL
666 1118 673 1160 :
694 1097 776 1183 πρὶν
803 1095 841 1163 ἐν
869 1085 962 1183 αὐτῷ
984 1083 1046 1165 ὦσι
1071 1102 1122 1184 τῷ
1142 1105 1237 1186 κακῷ
1256 1093 1379 1190 γ’ἥδη.

409 1202 440 1266 N
464 1225 471 1265 :
492 1203 574 1289 πρὶν
593 1195 722 1290 γ’ἥδη
743 1204 781 1270 ἓν
801 1195 895 1291 αὐτῷ
917 1192 979 1272 ὦσι
998 1210 1049 1292 τῷ
1069 1211 1171 1292 κακῷ,

407 1309 468 1374 ΜΖ
492 1333 567 1396 :vye
588 1313 669 1398 πρὶν
690 1311 728 1378 ἐν
746 1303 842 1399 αὐτῷ
863 1305 1009 1400 dome
1030 1319 1131 1400 κακῷ.

366 1417 466 1481 verbo
497 1419 545 1504 »γ’
569 1409 659 1506 ἧδη“
682 1420 714 1483 in
745 1420 917 1507 archetypo
949 1423 1089 1486 omnium
1122 1425 1280 1488 communi
1310 1432 1383 1510 post

283 1524 381 1590 verba
404 1529 472 1611 ᾖτῷ
492 1527 605 1612 xcx&
627 1527 730 1622 iocum
752 1527 901 1592 habuisse
923 1550 1079 1593 consensu
1111 1529 1256 1594 codicum
1290 1529 1380 1595 ABL

284 1630 445 1709 docemur,
468 1656 509 1697 ex
530 1655 593 1719 quo
616 1633 820 1718 intellegitur,
842 1635 873 1699 N
892 1636 1065 1700 iniustum
1093 1636 1198 1701 locum
1221 1659 1259 1701 es
1280 1647 1382 1702 trans·

283 1740 449 1826 posuisse,
482 1749 513 1804 ot
541 1740 577 1804 M
600 1743 661 1806 alio
683 1740 778 1806 modo
802 1742 1031 1830 interpolasse,
1053 1765 1117 1829 qua
1137 1745 1171 1807 in
1191 1767 1227 1808 re
1248 1743 1382 1808 verbum

287 1832 388 1932 „diost
411 1847 599 1932 omiserit2).

365 1977 435 2042 Iam
463 1977 652 2064 Briegleb³)
680 1977 899 2064 etSchoe114)
931 1989 1018 2044 recte
1049 1982 1196 2045 statuisse
1223 1981 1382 2064 videntur,

285 2085 428 2149 codicem
450 2083 493 2166 N,
516 2107 587 2149 cum
611 2107 651 2149 ex
673 2111 694 2152 α
725 2086 968 2171 describeretur,
999 2110 1057 2174 per
1085 2087 1212 2152 doctum
1243 2076 1382 2174 aliquem

284 2193 527 2276 grammaticum
543 2192 779 2279 interpolatum,
795 2203 862 2257 tum
876 2215 935 2279 per
949 2194 1083 2258 alterum
1099 2194 1259 2258 hominem
1275 2196 1381 2280 negle-

284 2308 400 2384 genter
421 2298 613 2386 descriptum
635 2299 749 2383 esse⁵),
772 2322 835 2386 quo
857 2323 892 2366 re
916 2300 1200 2365 sententiaBlossii
1217 2302 1382 2385 refutatur,

285 2407 339 2492 qui
372 2415 488 2490 neget,
529 2406 656 2470 doctum
685 2409 928 2490 grammaticum
959 2417 1023 2472 tom
1053 2408 1153 2472 mults
1181 2408 1383 2473 insanissima

283 2514 416 2595 menda,
449 2535 529 2600 quse
560 2514 593 2576 in
627 2513 734 2578 codiee
760 2514 792 2580 N
821 2515 1056 2598 invenirentur,
1092 2515 1290 2580 committere
1323 2538 1379 2602 po-

283 2623 382 2686 tuisse
392 2619 429 2707 6).
481 2621 696 2688 difficultatem
725 2631 830 2686 sutem
860 2622 900 2686 sb
930 2621 1039 2707 Hugio
1069 2632 1188 2685 motam
1218 2622 1309 2686 Bloss
1337 2624 1382 2687 ita

286 2728 427 2813 effugere
456 2729 583 2813 studuit,
614 2739 649 2793 ut
670 2729 729 2793 sibi
750 2728 968 2816 persuaderet,
990 2729 1141 2793 lectiones
1163 2729 1277 2812 varias,
1300 2751 1380 2814 quas

284 2835 317 2901 N
338 2836 514 2922 praeberet,
538 2839 570 2900 in
592 2837 733 2901 codicem
755 2862 776 2904 α
797 2837 900 2902 illotas
923 2859 1012 2921 esse,
1033 2844 1203 2924 postquem
1226 2835 1328 2901 codex
1349 2839 1381 2904 A

286 2942 462 3029 descriptus
493 2955 585 3008 esset.
648 2967 711 3031 qus
739 2947 896 3009 sententia
923 2953 1055 3030 accepta
1088 2944 1164 3029 quid
1196 2943 1381 3009 lucremur?

354 3251 375 3322 ¹)
394 3258 496 3319 quaest.
513 3268 557 3318 pg.
576 3255 600 3304 9.

353 3345 374 3415 ἢ
394 3347 429 3397 cf.
446 3353 609 3413 praetereo:

432 3435 466 3484 11.
476 3453 502 3502 y,
521 3436 537 3485 6
555 3451 563 3485 z
580 3433 657 3502 Αβε
676 3426 766 3502 γἐἶχε
784 3431 896 3496 τούτου,
914 3433 938 3484 N
956 3448 962 3482 ε
982 3424 1044 3500 εἶχε
1061 3429 1214 3500 τούτουγε.

421 3520 466 3572 VI.
486 3523 519 3572 29
538 3538 545 3570 ι
563 3520 636 3588 Ast:
656 3518 683 3574 oi
710 3517 791 3574 αὐτοὶ
818 3516 878 3586 μέν
903 3516 1044 3586 μάρτυρες
1067 3513 1151 3586 ἐμοὶ,
1178 3519 1227 3569 N:
1252 3515 1279 3572 ολ
1297 3515 1381 3572 αὐτοὶ

483 3605 624 3673 μάρτυρες
641 3601 705 3674 ἐμοὶ
724 3601 792 3672 μέν.

423 3691 469 3742 VI.
488 3693 540 3742 32:
558 3691 627 3758 Δβι
646 3685 798 3754 ἐθέλοντος
809 3685 979 3758 ἐλέγχεσθαι
997 3684 1089 3756 ἐμοῦ,
1106 3689 1149 3739 N:
1168 3683 1248 3756 ἐμοῦ
1266 3683 1380 3742 ἐθέλον-

483 3793 532 3840 τος
548 3772 730 3844 ἐλέγχεσθαι.

353 3868 376 3937 ³)
394 3868 423 3920 in
441 3868 625 3921 dissertatione
648 3868 778 3935 inscripto
796 3885 803 3918 :
823 3868 893 3933 ,Zur
909 3866 1000 3918 Kritik
1023 3866 1069 3917 des
1090 3865 1241 3932 Antiphon,
1267 3865 1381 3916 Anulum

287 3955 379 4020 1861“,
397 3971 465 4021 quse
483 3955 548 4006 mihi
565 3960 671 4022 praesto
688 3971 742 4006 non
761 3958 824 4005 erat.

354 4046 377 4118 ⁴)
396 4049 430 4100 cf.
449 4050 558 4100 annales
574 4049 667 4115 philol.
686 4055 713 4100 et
729 4048 875 4114 poedagog.
892 4046 945 4098 vol.
965 4048 1023 4111 103,
1040 4062 1084 4114 pg.
1102 4048 1159 4097 300.

356 4140 378 4210 ⁶)
397 4143 431 4193 of.
449 4144 515 4209 Hug
531 4158 575 4209 pg.
595 4146 635 4207 18,
654 4146 687 4193 24
704 4140 744 4207 (in
761 4140 919 4208 stemmate).

355 4233 377 4304 ⁶)
397 4237 431 4286 ci.
450 4236 571 4304 exemplu
587 4235 683 4287 Philol.
700 4235 765 4286 nne.
783 4235 828 4286 IV.
845 4250 890 4302 pg.
909 4236 966 4286 388.
