3194 4916
759 391 826 454 ’24

713 479 908 486 ——n-———

260 593 395 658 fortasse
426 591 501 655 mihi
535 588 690 677 quispiam
727 589 895 654 nonnullos
934 589 1020 654 locos
1054 587 1202 670 obiicist,
1242 587 1356 674 quibus

262 701 380 787 duplex
415 698 559 764 recensio
591 696 756 783 archetypi
788 696 929 762 omnium
966 695 1140 759 communis
1175 695 1356 760 confirmari

260 809 422 889 videatur,
445 815 477 870 et
498 805 582 870 dicet
604 803 738 886 vestigia
759 802 831 868 talis
853 803 1049 867 recensionis
1071 803 1115 866 ita
1131 803 1162 864 in
1177 826 1197 887 γ
1211 803 1356 885 inveniri,

261 925 295 980 ut
315 937 379 979 nna
399 914 492 978 lectio
507 915 539 976 in
556 911 592 992 B,
616 912 714 976 altera
729 913 760 974 in
777 910 940 976 codicibus
955 911 1063 974 classis
1077 934 1106 995 y,
1129 911 1196 973 sive
1211 910 1357 974 omnibus

262 1022 382 1088 sivein
404 1029 495 1106 parte
518 1019 622 1106 aliqua
642 1019 728 1099 insit,
750 1039 848 1103 quare
871 1001 1050 1081 codicemB
1073 1017 1193 1080 fontem
1215 1017 1358 1102 classisy

263 1149 415 1193 essenon
437 1148 532 1214 posse
555 1149 563 1190 ι
586 1126 673 1189 cuius
696 1125 781 1188 modi
804 1125 945 1211 quinque
966 1125 1051 1189 locos
1073 1124 1204 1189 afferam
1227 1148 1234 1188 :

345 1259 407 1324 HI.
419 1264 449 1341 β.
472 1259 489 1323 7
513 1281 521 1322 ε
543 1258 574 1322 A
595 1279 643 1342 pr.
664 1255 762 1321 NBM
774 1279 821 1342 pr.
844 1279 852 1320 τ
875 1247 1042 1343 ἁμαρτὼν,
1081 1256 1169 1320 A¹M
1197 1278 1277 1320 corr.
1299 1243 1356 1322 L:

262 1361 267 1371 ’
546 1355 706 1450 ἁμαρτόν,
1336 1351 1338 1356 ’

262 1473 362 1553 facile,
385 1495 455 1536 sum
479 1470 611 1536 verbum
632 1464 806 1557 μειράκιον
836 1471 1012 1534 subiectum
1034 1471 1082 1551 sit,
1106 1461 1303 1557 ,drudewin‘
1325 1473 1357 1534 in

264 1571 451 1667 „duupcdffl
474 1580 590 1643 mutari
613 1588 748 1664 poteret,
781 1599 974 1664 quamquam
998 1568 1194 1664 »ἁμαρτών“
1216 1588 1301 1643 recte
1324 1601 1358 1642 se

263 1688 381 1752 habere
403 1687 502 1750 verbo
524 1686 705 1772 insequenti
727 1708 735 1750 :
758 1673 975 1770 ,dxomtoact‘
1000 1684 1159 1750 docemur.

344 1819 402 1882 IV.
415 1844 445 1885 α.
468 1820 517 1882 2:
548 1819 647 1904 Apr.
669 1840 719 1903 y:
747 1818 894 1904 τροφέας
925 1841 962 1885 τε
993 1819 1065 1900 καὶ,
1096 1819 1126 1883 Α
1158 1840 1237 1883 corr.
1265 1815 1357 1882 NB:

549 1924 695 2010 τροφέας
708 1948 763 2004 τε,
1356 1987 1363 1998 ,

263 2054 337 2096 cum
349 2031 482 2096 verbum
498 2031 595 2118 ,ch
612 2031 732 2095 nullum
755 2053 884 2094 sensum
907 2031 1070 2118 praebeat,
1093 2033 1122 2094 Α
1138 2053 1186 2116 pr.
1201 2055 1222 2116 γ
1236 2053 1311 2095 casu
1325 2032 1358 2095 in

263 2137 349 2203 idem
362 2140 472 2204 vitium
484 2138 633 2203 incidisse
644 2135 800 2219 videntur,
813 2147 844 2202 et
855 2137 985 2226 Sauppe
996 2137 1096 2202 verbo
1111 2131 1210 2225 ,ruffi
1223 2139 1255 2202 in
1267 2140 1359 2204 tertia

234 2232 237 2238 ¹
265 2245 467 2334 paragrapho
487 2245 590 2309 deleto
614 2246 720 2308 omnia
734 2244 816 2308 bene
837 2244 1012 2331 procedere
1027 2244 1176 2329 ostendit,
1191 2269 1262 2310 cum
1277 2247 1359 2311 int'er

203 2438 205 2441 Ι
266 2376 300 2419 se
313 2352 546 2440 respondeant:
562 2343 619 2418 ὅτε
632 2345 716 2430 θεὸς
731 2403 846 2432 ......
868 2343 926 2418 ὅτε
941 2342 1132 2419 ἀποθανὼν
1142 2405 1245 2434 ......
1266 2345 1359 2440 ἡμεῖς

264 2484 301 2527 τε
309 2487 321 2541 ;
347 2483 441 2547 quam
470 2460 511 2524 ob
542 2483 608 2524 rem
639 2461 796 2526 immerito
820 2459 964 2546 Spengel
977 2461 1012 2544 ¹),
1036 2463 1089 2546 qui
1111 2463 1143 2524 in
1165 2460 1224 2526 hac
1245 2462 1359 2554 verbo·

264 2592 335 2632 rum
350 2570 571 2633 coniunctione
585 2568 725 2649 offendit,
748 2567 832 2631 hunc
847 2568 952 2631 locum
968 2589 1080 2632 sanare
1093 2567 1221 2650 studuit,
1244 2551 1358 2633 cumin

265 2674 403 2740 secunda
418 2675 619 2762 paragrapho
642 2674 791 2738 orationis
804 2665 900 2759 ,ded
924 2674 1075 2738 scriberet
1096 2674 1165 2739 loco
1187 2675 1358 2740 verborum

266 2775 305 2868 ,3
325 2781 382 2848 ts“
416 2792 511 2868 atque
543 2793 616 2868 post
648 2781 814 2847 lectionem
837 2781 979 2846 codicum
1001 2783 1032 2845 A
1054 2804 1100 2868 pr.
1124 2791 1196 2868 ety
1225 2785 1358 2848 verbum

264 2883 414 2977 τροφοὺς
434 2891 597 2954 insereret.

347 2998 388 3063 V.
409 2998 450 3063 39
473 2998 531 3060 :A
552 3019 599 3083 pr.
623 2995 692 3062 ΝΜ
714 3019 721 3061 :
743 2990 861 3082 ἐξάγει,
883 2992 958 3062 A²B
980 3019 988 3060 :
1011 2990 1122 3082 ἐξάγοι
1131 2999 1166 3078 ²).

362 3104 584 3191 ,59:„,
644 3153 660 3189 ,
717 3097 816 3184 teda,
922 3097 1064 3189 ᾖεαύ,

326 3210 385 3275 VI.
406 3211 448 3275 30
469 3233 517 3295 t„
563 3258 580 3294 „
639 3260 655 3295 ,
711 3205 938 3295 taddeam„
983 3203 1168 3290 εδιδάσκει,

266 3317 314 3381 his
343 3317 444 3381 tribus
475 3317 552 3380 locis
575 3315 608 3379 M
638 3319 720 3381 forte
751 3339 822 3380 cum
856 3321 885 3380 A
908 3341 956 3403 pr.
979 3317 1012 3382 N
1042 3318 1215 3400 consentit,
1248 3298 1359 3380 modos

266 3425 451 3510 saepissime
474 3423 624 3488 confundi
647 3446 744 3511 supra
767 3423 949 3508 diximusss).

269 3527 275 3540 '
348 3529 466 3597 Omnia
497 3530 644 3617 exempla
675 3532 701 3594 si
734 3531 989 3609 consideramus,
1019 3532 1207 3614 invenimus,
1230 3532 1358 3596 omnino

267 3637 432 3704 duodecim
455 3638 522 3702 fere
543 3638 630 3702 locos
651 3648 762 3703 contra
785 3640 974 3704 sententiam
996 3661 1098 3704 meam
1128 3639 1234 3704 afferri
1255 3660 1359 3726 posse,

265 3849 464 3860 ...-.-..--——.

305 3991 308 4000 ·
335 3961 355 4032 ¹)
374 3963 408 4014 cf.
426 3961 475 4012 Rh.
493 3961 529 4012 M.
547 3962 640 4028 XVII,
657 3979 701 4029 pg.
721 3965 777 4029 169,
795 3965 884 4018 adnot.

334 4047 355 4117 ἵ)
375 4050 408 4100 cf.
427 4048 476 4100 Rh.
494 4050 531 4113 M,
549 4049 666 4114 XXVII,
684 4066 727 4118 pg.
748 4052 780 4104 94
798 4068 805 4102 t
823 4047 859 4102 A¹
878 4069 884 4102 :
903 4047 1010 4120 ἐξάγοι.

334 4133 355 4203 ⁸)
375 4135 409 4185 of.
426 4151 470 4200 pg.
490 4138 530 4186 21.
